2655 3265
1070 255 1372 305 -γ-

254 406 291 445 ε,
328 406 375 445 η,
410 385 468 446 θ,
503 385 654 436 vind.
688 386 737 447 4,
772 386 943 447 Vulc.,
979 388 1119 448 Per.‚
1155 389 1288 455 Aug.
1326 389 1370 438 1.
1440 389 1610 440 Etiam
1655 389 1754 439 alia
1792 395 1843 439 et
1884 392 2165 440 necessaria

254 474 444 523 omittit
486 489 655 523 socors
698 473 884 534 scriba,
918 476 1192 542 praecipue
1238 477 1542 537 Articulum,
1581 492 1630 526 v,
1665 493 1709 526 c.
1751 476 1888 526 Phil.
1923 477 1980 525 ΙΙ
2015 478 2064 543 §.
2103 478 2165 526 10

209 542 216 554 ’
256 562 319 611 τὰ
354 567 470 611 ante
502 561 622 625 πρὸ.
676 560 806 612 Ibid.
841 562 890 629 §.
927 562 990 613 14
1026 564 1150 622 τοὺς
1183 571 1299 614 ante
1337 567 1620 625 Θηβαίους.
1674 565 1802 626 Iota,
1837 563 1926 616 ubi
1960 580 2164 615 accura-

254 651 408 702 tiores
441 665 696 716 apponere
731 650 814 699 vel
847 636 1161 702 subscribere
1193 653 1381 713 solent,
1431 653 1629 721 respuit
1663 653 1892 720 exceptis
1927 658 2040 704 octo
2075 651 2164 702 de—

254 754 427 789 cemve
462 736 602 788 locis.
670 736 914 787 Elisionis
950 738 1200 789 vocalium
1234 740 1571 807 negligentior
1604 740 1695 792 vix
1729 741 1878 792 alius.

389 827 502 875 Vici.
571 825 757 875 Petrus
792 825 1051 876 Victorius
1103 833 1305 894 praeter
1338 827 1462 878 alios
1499 829 1686 879 multos
1730 828 1928 880 codices
1977 828 2165 879 Demo-

253 912 537 964 sthenicum
573 911 820 980 possedit,
854 913 944 980 qui
978 929 1113 965 nunc
1147 914 1405 966 Monachii
1435 914 1491 965 in
1524 915 1841 967 Bibliotheca
1871 915 2011 983 regia
2044 931 2164 967 con·

253 1008 488 1050 servatur
538 999 587 1049 N
589 1016 661 1049 ro.
700 998 949 1050 CLXXII
980 1008 1032 1051 et
1065 1001 1126 1052 ab
1158 1000 1360 1069 Ignatio
1392 1001 1617 1053 Hardtio
1642 1002 1722 1053 'ita
1754 1008 2046 1053 recensetur
2080 1002 2163 1066 (in

256 1088 456 1138 Aretini
497 1087 736 1154 Beitriige
778 1088 894 1139 Vol.
938 1089 1023 1140 ΙΙΙ
1063 1089 1199 1139 Sect.
1228 1089 1263 1138 5
1295 1106 1348 1156 p.
1380 1091 1464 1141 41.
1509 1091 1670 1141 Gatal.
1697 1090 1833 1141 Bibl.
1867 1091 2022 1141 Mser.
2056 1107 2161 1157 reg.

255 1177 443 1225 Bavar.
486 1175 600 1224 Vol.
638 1175 663 1223 Ι
698 1175 758 1224 P.
790 1176 846 1224 II
891 1193 943 1242 p.
988 1176 1092 1226 w?
1134 1179 1274 1243 sq.)=
1331 1179 1559 1238 „Charta
1609 1180 1775 1228 crassa
1828 1186 1880 1227 et
1924 1178 2162 1244 levigam,

254 1262 508 1328 scriptura
531 1261 724 1312 minuta
747 1271 798 1312 et
822 1264 1054 1330 eleganti,
1086 1264 1141 1315 in
1165 1264 1289 1315 folio
1309 1265 1557 1326 [minore],
1586 1266 1823 1316 foliorum
1848 1282 2060 1316 numero
2076 1264 2162 1325 70,

256 1351 314 1399 Ρ.
345 1349 563 1399 Victorii
597 1351 730 1401 notis
765 1352 1122 1424 marginalibus
1156 1359 1208 1402 et
1236 1352 1646 1403 interlinearibus
1678 1354 1964 1404 illustratus
1997 1358 2161 1420 [gree-

254 1438 327 1487 cis
361 1445 412 1488 et
445 1437 631 1497 latinis,
669 1455 798 1503 quae
834 1439 1008 1490 multis
1052 1440 1363 1506 compendiis
1392 1446 1444 1491 et
1476 1440 1639 1491 literis
1681 1440 1896 1491 difficile
1934 1439 2163 1507 legendis

254 1524 474 1590 scriptae
507 1531 673 1586 suntJ,
709 1527 913 1578 Saeculi
948 1528 1061 1588 XV,
1104 1528 1230 1578 bene
1262 1532 1636 1580 conservatus.“
1704 1528 1944 1579 Continet
1977 1526 2164 1578 Demo-

255 1611 448 1662 sthenis
487 1613 702 1679 Olynth.
737 1615 765 1665 I
797 1642 864 1652 -
898 1613 998 1676 ΙΠ,
1032 1614 1169 1665 Phil.
1203 1615 1232 1666 1
1265 1621 1316 1665 et
1348 1615 1468 1666 Pac.
1502 1615 1771 1666 Praeterea
1800 1615 1994 1681 Lysiae
2036 1622 2162 1666 orat.

231 1706 348 1766 ‘pro
392 1700 544 1752 caede
585 1701 951 1753 Eratosthenis.
1015 1703 1216 1754 Abeunt
1257 1703 1460 1754 Libanii
1495 1701 1823 1770 Argumenta.
1889 1703 1926 1753 J
1928 1710 2011 1754 ota
2044 1704 2163 1753 sub-

254 1787 472 1837 scribere
515 1806 875 1856 nonnunquam
909 1791 1194 1857 neglectum
1236 1798 1328 1841 est.
1396 1791 1613 1858 Saepius
1646 1792 1798 1857 plene
1832 1806 1982 1858 quam
2015 1806 2163 1858 prae-

254 1875 357 1923 cise
391 1866 634 1927 vocabula
666 1884 781 1927 ante
814 1879 1040 1928 vocalem
1073 1876 1274 1943 scripta-
1305 1885 1441 1928 sunt.
1475 1878 1885 1944 Praepositiones
1918 1894 2034 1927 cum
2068 1895 2162 1928 suo

254 1977 374 2012 cusu
401 1960 623 2029 junctim
655 1980 912 2015 connexae
942 1963 1063 2016 hae}
1095 1964 1432 2026 καθὲκαστα,
1455 1966 1805 2029 τοκαταρχὰς,
1835 1964 2162 2030 καταμὲρος,

255 2050 603 2115 παραχρῆμα,
638 2051 908 2102 ammom.
974 2050 1037 2103 In
1071 2051 1391 2119 Olynthiacis
1425 2055 1544 2113 αἰεὶ,
1579 2052 1634 2103 in
1657 2052 1887 2121 Bhilipp.
1910 2052 1939 2104 1
1966 2060 2018 2104 et
2040 2054 2160 2105 Pac.

253 2137 358 2197 ἀεὶ,
392 2138 465 2188 ita
499 2154 702 2206 quoque
733 2140 948 2206 Olynth.
983 2140 1011 2191 1
1043 2139 1092 2206 §.
1124 2140 1172 2190 9.
1242 2141 1417 2191 Codex
1451 2140 1657 2192 exhibet
1699 2142 2001 2208 plerumque
2047 2143 2161 2192 vul·

252 2239 422 2290 garem
456 2227 739 2276 lectionem.

389 2315 509 2363 Vict.
544 2332 576 2362 a
610 2321 661 2363 et
702 2316 821 2364 Viet.
854 2317 898 2364 b.
979 2315 1082 2366 Sed
1132 2315 1349 2365 contulit
1396 2331 1514 2366 eum
1564 2316 1825 2367 Victorius
1879 2332 1991 2366 cum
2043 2315 2157 2366 aliis

253 2398 450 2449 duobus
477 2400 626 2466 longe
649 2400 1097 2466 praestantioribus
1122 2409 1175 2451 et
1198 2403 1501 2468 plerumque
1524 2417 1694 2453 secum
1716 2401 2156 2462 consentientibus,

253 2500 380 2549 quos
439 2485 551 2553 ipse
583 2505 616 2536 α
649 2492 701 2537 et
733 2488 761 2535 b
794 2487 992 2538 notavit
1032 2488 1322 2555 passimque
1377 2488 1660 2541 nominavit
1702 2489 1856 2540 libros
1882 2487 2156 2554 antiquos,

253 2576 304 2620 et
339 2571 634 2624 varietatem
668 2573 747 2624 illi
781 2572 945 2625 codici
977 2590 1071 2625 sua
1106 2590 1261 2626 manu
1297 2574 1581 2642 adscripsit.

384 2658 751 2719 Annotationes
786 2659 1005 2727 reliquas
1038 2677 1106 2712 ex
1139 2659 1478 2728 Hermogenis
1520 2659 1836 2727 aliorumque
1880 2661 2159 2724 rhetorum,

252 2744 403 2796 etiam
437 2763 467 2796 e
499 2746 783 2809 Ciceronis,
843 2747 1157 2809 Aristotelis,
1217 2747 1469 2810 Platonis,
1514 2747 1745 2800 Terentii
1779 2749 1870 2800 rel.
1906 2749 2033 2801 locis
2067 2748 2161 2801 Vi-
