2655 3265
397 409 522 459 Nro.
553 407 665 457 134.
734 407 798 456 In
824 405 1127 455 membranis
1151 405 1584 473 quadruplicatis,
1619 405 1859 457 foliorum
1891 406 1987 455 166
2013 410 2141 469 (non
2173 408 2314 471 173),

396 495 561 558 literis
607 493 819 543 minutis
864 492 1027 542 nitide
1056 499 1320 553 exaratus,
1377 494 1581 544 Saeculi
1615 494 1744 543 xlv
1779 493 2013 543 exeuntis
2052 492 2319 560 judicante

397 582 675 635 Passowio.
741 581 837 631 Est
870 579 1004 631 idem
1054 579 1144 631 ille
1188 579 1630 643 Vratislaviensis,
1683 578 1831 648 cujus
1875 582 2072 649 copiam
2119 582 2317 649 roganti

396 671 493 723 sibi
526 676 757 738 negatam
792 685 902 719 esse
935 667 1169 734 queritur
1201 668 1441 720 Reiskius
1475 669 1647 742 Praef.
1683 670 1798 719 Vol.
1834 671 1861 720 I
1895 687 1947 738 p.
1982 670 2179 721 LVIII.
2214 670 2317 720 Sed

398 776 509 810 mea
541 757 703 825 gratia
741 756 999 808 Passowio
1036 758 1102 823 τῷ
1135 757 1432 822 μακαρίτῃ,
1491 774 1642 823 quem
1682 758 1870 808 iterum
1915 759 2121 809 honoris
2168 774 2319 808 causa

397 847 628 906 nomino,
682 852 1031 896 commovente
1072 844 1249 895 Julius
1289 844 1515 896 Heldius
1561 845 1983 912 diligentissimus
2027 863 2142 897 cum
2194 846 2317 896 Edi-

395 935 535 986 tioue
584 933 629 984 1.
680 931 903 983 Bekkeri
950 931 1282 984 libentissime
1333 939 1386 984 et
1432 932 1810 984 accuratissime
1864 940 2027 984 totum
2085 933 2317 984 contulit.

396 1020 723 1088 Philippicae
759 1020 788 1070 1
824 1020 1121 1070 varietatem
1161 1020 1421 1071 Lectionis
1471 1019 1679 1086 repetiit
1710 1020 1764 1071 in
1799 1021 1929 1071 libro
1964 1021 2178 1081 eximio,
2206 1021 2318 1086 ‘qui

395 1109 694 1161 inscribitur
727 1108 1137 1169 „Annotationes
1165 1109 1220 1158 in
1243 1109 1391 1159 Dem.
1417 1108 1554 1160 Phil.
1571 1109 1647 1158 I.“
1695 1109 2036 1159 Continentur
2063 1117 2231 1159 autem
2258 1123 2318 1157 eo

397 1198 571 1248 codice
605 1196 694 1247 fol.
717 1197 862 1246 1-4
898 1195 1005 1245 vita
1028 1196 1386 1246 Demosthenis
1417 1196 1563 1246 Julio
1578 1196 1774 1258 Heldio„
1801 1179 2087 1246 affirmante
2108 1197 2317 1246 inedita.

395 1284 544 1336 Folia
576 1284 610 1333 5
643 1278 695 1333 et
726 1284 760 1334 6
794 1291 916 1334 sunt
947 1300 1138 1344 vacua3
1173 1283 1263 1334 fol.
1297 1283 1491 1333 7—11
1540 1284 1648 1334 vita
1670 1283 2028 1338 Demosthenis
2063 1284 2162 1334 alia
2195 1284 2317 1333 item

394 1373 602 1433 inedita,
622 1389 774 1438 quam
794 1379 1062 1437 utramque
1087 1372 1245 1422 vitam
1274 1371 1500 1421 Heldius
1524 1389 1816 1422 annexurus
1845 1380 1923 1422 est
1940 1372 2169 1422 Editioni
2192 1372 2317 1422 Phi-

394 1461 618 1528 lippicae
634 1461 724 1511 1⁸⁶.
759 1461 873 1511 Fol.
893 1460 956 1510 12
970 1489 1038 1498 --
1057 1461 1119 1510 15
1150 1458 1521 1526 Argumentum
1544 1454 1828 1524 in'Olynth.
1851 1462 1895 1511 I.
1927 1461 2133 1511 Folium
2156 1460 2218 1510 16
2242 1469 2318 1510 est

396 1565 632 1600 vacuum.
674 1548 790 1599 Fol.
823 1546 888 1597 17
921 1576 987 1585 -
1016 1547 1112 1598 164
1145 1547 1396 1597 orationes
1428 1564 1544 1597 cum
1578 1548 1909 1615 Argumentis
1941 1548 2067 1597 hae:
2102 1547 2316 1613 Olynth.

395 1636 610 1696 1--111‚
643 1635 781 1686 Phil.
801 1635 844 1695 1,
868 1636 1015 1694 ·Pac.,
1051 1634 1276 1694 Phil.·II‚
1310 1634 1553 1696 Halonn.,
1587 1635 1724 1685 Phil.
1742 1636 2018 1695 III—IV,
2045 1642 2172 1686 orat.
2200 1635 2317 1684 adv.

394 1724 563 1792 Epist.
589 1723 751 1784 Phil„
775 1723 976 1783 Chen„
1016 1724 1239 1788 Symm.,
1268 1723 1447 1787 Synt.,
1481 1723 1693 1789 Megal.,
1727 1723 1921 1783 Rhod„
1956 1723 2114 1773 Foed.
2141 1705 2316 1780 Alex.,

395 1812 532 1863 Phil.
550 1812 718 1878 Epist.
746 1811 895 1862 Folio
923 1811 1025 1861 duo
1051 1811 1232 1860 ultima
1259 1817 1381 1861 sunt
1406 1828 1584 1861 vacua.
1618 1811 1833 1877 Aliquot
1850 1810 2102 1861 orationes
2119 1811 2316 1861 duobus

394 1908 594 1950 tantum
627 1899 859 1948 tribusve
895 1897 1020 1948 locis
1054 1899 1246 1964 glossas
1280 1899 1340 1948 ab
1374 1899 1474 1949 alia
1507 1914 1660 1949 manu
1695 1898 1892 1948 additas
1920 1897 2121 1958 habent,
2153 1914 2228 1947 or.
2254 1898 2317 1946 de

395 1986 650 2053 Megalop.
677 1985 825 2036 nihil.
863 1984 1165 2036 Glossarum
1196 1984 1393 2035 utilitas
1418 1985 1577 2035 nulla.
1622 1984 1703 2035 ef.
1721 1985 1948 2052 Gatalog.
1983 1984 2036 2035 in
2054 1983 2315 2035 Albrechti

393 2059 659 2124 wachleri
694 2072 815 2123 vita
847 2071 1127 2139 Rehdigeri
1160 2089 1212 2140 p.
1248 2073 1331 2122 42.
1400 2073 1622 2123 Passow.
1657 2073 1711 2123 in
1746 2073 1917 2124 Praef.
1953 2073 2017 2124 ad
2048 2071 2316 2122 Rauehen-

393 2160 568 2211 steinii
601 2160 819 2210 Dissert.
874 2160 955 2210 De
986 2160 1181 2210 Ordine
1211 2162 1428 2227 Olynth.
1463 2178 1515 2229 p.
1551 2161 1656 2210 VII
1690 2178 1814 2227 sqq„
1849 2160 1936 2210 ubi
1972 2159 2189 2210 varietas
2216 2160 2315 2209 Le-

393 2249 579 2299 ctionis
604 2246 929 2314 Philippicae
959 2247 987 2297 I
1021 2247 1277 2315 descripta
1312 2255 1404 2299 est.
1479 2249 1596 2298 Non
1631 2265 1810 2315 magna
1846 2247 2050 2314 quidem
2086 2245 2196 2313 ejus
2232 2264 2315 2295 co-

392 2336 522 2387 dicis
554 2334 847 2395 auctoritas,
880 2350 974 2385 nec
1000 2341 1187 2403 tamen
1203 2335 1443 2386 ultimum
1476 2336 1646 2386 locum
1679 2335 1809 2386 liber
1840 2335 1886 2385 is
1921 2341 2151 2401 occupat,
2188 2350 2315 2384 non-

391 2437 655 2490 nunquam
684 2420 822 2472 enim
857 2436 973 2472 cum
1006 2421 1186 2489 paucis
1224 2421 1430 2489 optimis
1463 2420 1739 2488 conspirat.
1788 2421 1895 2473 Sed
1926 2422 1988 2470 ab
2020 2421 2227 2471 indocto
2262 2427 2315 2470 et

393 2510 629 2562 oscitanti
661 2508 828 2561 scriba
863 2515 1119 2561 exaratus.
1186 2509 1372 2561 Insunt
1405 2508 1554 2560 multi
1588 2510 1764 2576 lapsus
1797 2507 1977 2559 calami
2011 2507 2316 2574 aliique-er-

393 2613 532 2648 rores
566 2596 666 2648 orti
696 2612 762 2648 ex
795 2595 1060 2657 Itacismo,
1095 2595 1352 2646 Accentiis
1378 2595 1794 2662 pronuntiatione
1819 2601 1871 2646 et
1898 2593 2312 2662 compendiorum

392 2681 718 2749 negligentia.
752 2681 912 2751 Amat¹
930 2682 1166 2734 omittere
1189 2681 1376 2747 ἄνδρες
1402 2681 1458 2734 in
1483 2680 1704 2732 formula
1733 2673 1773 2730 ὦ
1802 2679 1988 2744 ἄνδρες
2012 2680 2146 2741 Ἀθη
2155 2687 2312 2738 ναῖοι,

391 2770 531 2824 sicut,
560 2770 898 2832 Harleianus,
934 2771 1154 2840 quocum
1187 2769 1341 2823 etiam
1375 2769 1430 2823 in
1464 2768 1579 2822 aliia
1612 2768 1879 2830 consentit,
1911 2776 1964 2822 et
1995 2776 2057 2821 ut
2088 2765 2311 2821 Parisini
