2655 3265
1196 186 1549 264 -4-.⁴

377 353 539 416 φιλιπ.
574 351 734 414 λόγος
767 351 817 399 2.
869 348 983 399 Fol.
1017 347 1085 398 23
1118 346 1228 397 sine
1269 346 1447 397 'ritulo
1468 385 1481 408 ‚
1535 362 1665 412 quae
1701 351 1777 395 est
1808 346 1969 396 oratio
2004 345 2068 396 de
2102 346 2303 398 Halon-

378 455 515 488 neso.
593 438 708 488 Fol.
742 436 809 486 26
844 436 872 484 ὁ
910 439 1022 499 περὶ
1070 436 1171 491 τῶν
1214 434 1271 483 ἐν
1315 433 1630 499 Χερῥονήσῳ
1674 433 1845 495 λόγος.
1913 433 2025 483 Fol.
2061 432 2127 482 33
2161 436 2302 483 κατὰ

379 518 835 588 φιλίπποιίλόγος
869 522 930 585 γ’.
964 522 1080 572 Fol.
1114 519 1184 569 37
1216 521 1358 569 κατὰ
1395 522 1502 585 φιλ.
1537 520 1817 582 ἐπιστολὴν
1860 520 2031 584 λόγος.
2075 524 2147 581 [et
2189 520 2302 588 ipsa

378 612 612 679 Epistola
645 612 916 678 Philippi}
982 610 1097 660 Fol.
1148 609 1218 658 48
1249 637 1317 644 -—
1345 608 1408 657 51
1448 609 1477 657 ὁ
1515 612 1627 673 περὶ
1668 610 1754 669 τῆς
1800 609 2081 669 συντάξεως
2126 607 2300 671 λόγος.

378 699 560 749 Cetera
594 697 953 748 Demosthenis
987 712 1089 746 non
1124 697 1367 761 leguntur
1398 696 1453 744 in
1491 694 1680 745 codice.
1716 697 1920 761 Adsunt
1954 703 2137 756 tamen,
2174 713 2302 763 quae

378 785 629 835 Sinnerus
663 785 854 847 (catal.
891 784 1046 834 Mser.
1074 783 1230 833 Bern.
1266 782 1294 831 Ι
1328 799 1380 848 p.
1413 782 1558 846 368),
1593 788 1654 831 ut
1686 780 1889 846 saepius
1924 780 1972 830 ei
2008 783 2137 833 male
2172 785 2303 834 acci-

378 872 470 931 dit,
504 878 682 921 notare
717 872 922 921 omnino
958 865 1147 920 oblisus
1180 875 1272 928 est,
1306 885 1491 919 novem
1527 868 1626 918 alia
1658 884 1837 934 graeca
1871 868 1995 919 folia
2028 869 2200 928 affixa,
2239 872 2303 921 ad

378 975 596 1026 quorum
631 965 826 1026 septem
860 959 1033 1026 priora
1067 956 1409 1016 describenda,
1445 955 1650 1007 omnino
1680 955 1858 1008 'ritulo
1893 973 2051 1024 quum
2086 966 2303 1021 careant,

377 1047 550 1114 ipsum
585 1063 762 1097 eorum
800 1050 1155 1114 argumentum
1182 1042 1404 1110 vestigii
1438 1043 1550 1094 loco
1586 1044 1710 1094 mihi
1753 1044 2074 1099 inserviebat.
2119 1046 2304 1106 *Exhi-

378 1135 500 1184 bent
533 1140 702 1183 autem
737 1134 1020 1199 fragmenta
1053 1132 1172 1191 duo,
1207 1138 1454 1196 quantum
1490 1131 1656 1191 video,
1693 1148 1758 1181 ex
1792 1115 2023 1182 Platonis
2052 1133 2302 1195 Phaedro,

380 1220 501 1270 vide
537 1237 565 1269 8
599 1236 652 1284 p.
687 1219 781 1269 231
821 1221 884 1269 E.
924 1219 1093 1268 verbis
1127 1220 1242 1282 περὶ
1287 1219 1391 1280 μὲν
1435 1218 1536 1266 τῶν
1580 1219 1723 1280 ἐμῶν
1766 1219 2092 1282 πραγμάτων
2140 1237 2304 1286 usque

378 1307 441 1357 ad
476 1324 529 1372 p.
564 1305 666 1355 234
701 1307 760 1355 Ο.
796 1306 1225 1370 παραλελεῖφθαι
1273 1304 1453 1367 ἐρώτα.
1528 1304 1706 1370 Pergit
1750 1322 1910 1371 parvo
1943 1307 2110 1371 spatio
2145 1307 2303 1356 inter-

378 1394 546 1459 posito
584 1410 637 1460 p.
669 1392 773 1442 237
807 1393 872 1442 B.
908 1385 972 1453 ἦν
1009 1390 1147 1440 οὕτω
1185 1392 1246 1452 δὴ
1283 1399 1406 1450 παῖς
1455 1398 1508 1441 et
1559 1398 1696 1441 recte
1745 1392 1977 1456 procedit
2027 1409 2190 1458 usque
2239 1394 2306 1442 ad

378 1496 432 1545 p.
465 1480 567 1529 242
599 1480 664 1529 Α.
698 1482 888 1542 μεῖζον
923 1478 1350 1541 ἀναγκασθῆναι.
1420 1478 1501 1528 De
1527 1477 1741 1538 duobuS‚
1777 1494 1908 1542 quae
1932 1478 2029 1528 hoc
2065 1478 2302 1544 quintum

379 1565 663 1633 excipiunt,
695 1565 835 1615 foliis
869 1581 971 1615 non
1005 1565 1163 1616 habeo
1198 1572 1393 1617 certum
1427 1564 1564 1631 quod
1591 1561 1837 1631 judicem,
1855 1581 2012 1630 quum
2048 1583 2107 1616 ea
2139 1583 2303 1632 neque

378 1653 433 1704 in
461 1652 821 1704 Demosthenis
855 1654 968 1716 λογ.
1004 1656 1147 1718 ἐρωτ.
1182 1665 1348 1720 neque
1380 1653 1436 1704 in
1462 1641 1693 1703 Platonis
1729 1652 1812 1702 vel
1841 1652 2095 1704 convivio
2129 1655 2213 1704 vel
2249 1654 2304 1705 in

379 1741 556 1792 eodem
582 1740 817 1792 Phaedro
840 1740 1141 1791 invenerim.
1176 1741 1442 1807 Incipiunt
1463 1745 1668 1790 autemz
1704 1738 1843 1799 ὅπως
1868 1740 1927 1791 δὲ
1952 1744 2047 1790 καὶ
2075 1741 2154 1791 ἔτι
2168 1743 2304 1805 μᾶλ·

379 1831 486 1878 λων
503 1829 631 1893 (sic)
651 1828 939 1893 εὐφραίνῃς
973 1828 1259 1893 βούλομαι
1291 1828 1436 1878 αὕτω
1462 1826 1592 1891 (sic)
1616 1829 1998 1893 μαρτυρῆσαι..
2034 1836 2086 1880 et
2113 1835 2305 1879 exeunt

380 1916 483 1965 ita:
516 1916 760 1979 πρόξενοι
793 1914 985 1965 δὲκαὶ
1019 1914 1351 1980 κατάγονται
1392 1915 1475 1965 ἀεὶ
1510 1912 1657 1979 παρά
1691 1930 1775 1964 σοι
1811 1917 1870 1966 οἱ
1897 1915 2171 1982 κράτιστοι
2205 1914 2304 1965 αὐ-

383 2003 498 2053 τῶν.
566 2003 830 2054 Foliorum
856 2003 1092 2064 duorum,
1125 2019 1256 2071 quae
1283 2009 1512 2053 extremo
1534 2002 1645 2052 loco
1671 2002 1836 2068 posita
1858 2011 1994 2065 sunt,
2029 2004 2174 2071 prius
2207 2021 2304 2054 nu-

381 2106 547 2141 meros
582 2089 731 2140 habet
763 2089 1043 2142 cardinales
1072 2090 1301 2142 Graecos
1335 2105 1613 2155 eorumque
1646 2089 1851 2140 nomina
1884 2090 2303 2157 significationes-

381 2193 482 2244 que
517 2193 612 2245 per
645 2176 834 2236 literas,
867 2176 923 2227 in
957 2178 1116 2228 altera
1137 2177 1353 2245 pagina3
1389 2177 1444 2227 in
1469 2177 1628 2227 altera
1652 2183 1820 2226 autem
1840 2176 2066 2228 Graecos
2094 2194 2303 2238 menses,

379 2263 693 2331 etymologia
724 2279 900 2314 eorum
930 2264 1187 2331 appmitst,
1221 2264 1625 2331 subscriptisque
1658 2263 1900 2314 Romanis
1934 2264 2183 2314 mensium
2217 2263 2304 2316 de-

380 2349 829 2404 nominationibus.
897 2350 960 2401 In
995 2351 1270 2403 novissimo
1304 2336 1429 2403 folio
1457 2351 1761 2403 Calendaria
1794 2358 1846 2401 et
1874 2351 2218 2403 Romanorum
2253 2359 2305 2403 et

381 2439 699 2490 Graecorum
723 2436 882 2506 juxta
913 2455 969 2489 se
1004 2438 1171 2506 posita
1204 2438 1604 2505 conspiciuntur.

513 2525 784 2593 Scriptum
800 2563 815 2588 ,
865 2541 997 2592 quae
1030 2525 1205 2593 parvis
1240 2524 1446 2592 quidem
1471 2563 1483 2586 ‚
1534 2525 1702 2593 planis
1736 2532 1903 2578 tamen
1945 2525 2108 2577 literis
2150 2534 2304 2594 atque

382 2628 500 2663 cum
529 2612 852 2680 paucissimis
885 2613 1139 2666 scribendi
1173 2612 1502 2682 compendiis,
1537 2609 1682 2666 fusco
1716 2621 2009 2676 atramento,
2051 2614 2305 2681 angustis-

380 2698 524 2749 simis
550 2700 772 2751 ‹lo—w
799 2700 950 2752 lineis
972 2700 1028 2753 in
1052 2716 1254 2768 quaque
1281 2700 1465 2768 pagina
1500 2707 1653 2768 atque
1686 2702 1749 2752 ab
1782 2717 1885 2753 nna
1912 2718 2065 2753 manu
2098 2708 2305 2753 exarata
