2655 3265
1050 330 1117 340 —
1184 300 1247 352 13
1311 331 1378 342 —
1587 326 1634 345 -J

252 433 450 483 tionum
480 438 830 484 contentarum
863 439 916 485 et
950 434 1057 484 vita
1083 434 1453 497 Demosthenis,
1488 449 1617 501 quae
1646 433 1830 501 incipit
1864 432 1893 481 ὁ
1931 435 2044 496 περὶ
2080 433 2163 492 δη-

250 521 561 584 μοσθένους
605 522 727 580 βίος
774 506 1140 587 τοῦ-ῥήτορος
1184 528 1235 573 et
1277 538 1428 589 quam
1470 540 1500 573 e
1541 520 1715 572 codice
1757 520 1990 571 Parisino
2034 520 2166 570 ffl35

251 608 287 657 i.
321 625 366 657 e.
405 611 449 658 Y
487 609 706 658 Bekkeri
742 624 771 657 a
805 609 1283 677 Schweighaeusero
1325 615 1582 676 acceptam
1626 608 1865 659 Reiskius
1908 607 2070 658 edidit
2110 608 2165 657 in

251 702 400 745 oratt.
433 695 647 747 Graece.
681 693 797 746 vol.
836 695 929 746 IV.
965 696 1130 747 extr-'⁶‘
1180 696 1371 747 Eadem
1405 696 1538 747 inest
1570 696 1625 747 in
1660 696 1882 757 Venet03
1929 695 1985 745 in
2018 694 2165 746 Pari-

339 888 388 942 *)
422 887 713 945 Subjiciamus
742 889 1005 933 varietatem
1038 894 1075 934 Y
1099 903 1157 932 ex
1188 877 1294 933 edit.
1321 888 1475 933 Reisk.
1506 895 1552 933 et
1581 889 1946 932 Vindobonensis
1975 890 2027 931 4:
2100 914 2107 921 -

609 961 727 1012 Par.
767 964 820 1011 Y.
1583 961 1738 1012 vind,
1771 962 1821 1011 4,

253 1040 306 1083 Ρ.
335 1040 419 1083 152
447 1040 503 1084 R.
543 1041 566 1085 ὅ
606 1044 723 1098 περὶ
758 1046 1072 1099 Δημοσθένους]
1240 1043 1355 1085 Item
1389 1043 1435 1084 in
1463 1043 1600 1085 vind.
1629 1045 1671 1098 4,
1702 1043 1835 1085 etiam
1855 1057 1902 1097 p.
1925 1042 2015 1084 Sed
2032 1056 2162 1099 prae-

1296 1109 1462 1165 positio
1492 1110 1652 1152 omissa
1691 1115 1758 1153 est
1786 1109 1832 1152 in
1860 1109 2162 1152 Laurentiano

1299 1181 1345 1219 et
1374 1175 1419 1218 in
1448 1175 1715 1220 Matritensi.

282 1273 310 1297 „
369 1273 398 1297 „
456 1273 486 1297 „
541 1246 682 1295 γένους
711 1242 868 1288 αὐτοῦ
896 1247 1075 1299 πρῶτον]
1243 1245 1385 1299 γένους
1412 1242 1546 1287 αὖτῶ
1572 1248 1744 1301 πρῶτον.

282 1339 311 1362 95
370 1340 397 1363 95
456 1340 485 1364 55
544 1309 722 1366 ἆθῆναις
751 1310 815 1359 τὸ]
1241 1308 1456 1360 ἆθηναίοις
1493 1312 1579 1354 καὶ
1627 1309 1687 1353 τὸ.
1726 1325 1753 1353 a
1795 1309 1988 1352 secunda
2032 1324 2161 1352 manu

1295 1374 1462 1419 inserta
1492 1382 1559 1420 est
1592 1376 1811 1434 particula
1837 1379 1919 1422 καὶ.

253 1442 306 1485 Ρ.
337 1441 515 1486 1⁵31in.
532 1443 562 1486 6
590 1443 658 1495 δι’]
1241 1442 1381 1485 abest.

282 1540 311 1564 59
370 1540 399 1564 59
456 1541 485 1564 55
542 1510 573 1551 9
600 1513 823 1567 παῖρωίθυ]
1240 1509 1448 1566 πατρικίου.

282 1606 311 1630 99
369 1607 399 1630 95
456 1607 485 1630 59
515 1575 573 1618 12
599 1579 734 1633 μητρὶ]
1241 1574 1409 1632 μητρὸς.

282 1673 312 1696 99
371 1673 399 1696 99
457 1673 486 1696 99
515 1641 571 1684 21
600 1646 811 1700 προνοίας]
1243 1642 1437 1685 evanuit.

254 1708 305 1749 P.
335 1708 510 1751 1541in.
537 1709 567 1752 3
595 1708 657 1763 τὸ]
1242 1708 1461 1751 omissum.

248 1834 251 1838 ἱ
281 1806 312 1829 ,,
370 1806 398 1829 ,,
455 1806 483 1830 ,,
540 1806 568 1829 ,,
600 1778 892 1832 συνεργοῦντα]
1241 1780 1470 1818 extremae
1501 1774 1661 1818 literae
1692 1782 1979 1819 evanuerunt.

282 1872 310 1897 95
367 1872 396 1897 99
454 1872 496 1897 η’
540 1841 570 1884 6
598 1840 670 1896 ΐά]
778 1872 780 1875 ·
1241 1840 1301 1886 τὸ·
1458 1894 1461 1897 ,

281 1940 311 1964 „
369 1941 398 1964 „
456 1940 485 1965 2,
541 1941 570 1964 ‚‚
600 1909 790 1967 δυσχερῆ]
1242 1916 1470 1954 extremae
1498 1907 1658 1953 literae
1689 1916 1977 1955 evanuerunt.

282 2008 311 2031 99
370 2008 399 2032 99
456 2008 486 2031 55
542 1974 571 2018 8
598 1975 773 2028 lacuna]
1239 1979 1331 2033 περὶ
1357 1975 1438 2032 τήν
1465 1974 1647 2029 ἄσκησιν.
1690 1992 1692 1994 ·

283 2074 313 2098 ,,
370 2074 398 2098 ,,
457 2075 487 2099 ,,
515 2043 571 2085 11
601 2058 696 2102 sqq.
727 2045 811 2088 τῶν
838 2041 1173 2102 ἡλίκων-ὕπὸ]
1240 2043 1389 2086 omnia
1418 2049 1705 2087 evanuerunt.

283 2140 311 2164 59
370 2140 399 2165 99
457 2141 485 2165 ‚2
517 2109 574 2153 13
602 2111 755 2167 ἑαυτῷ]
1241 2110 1459 2154 omissum.

281 2207 311 2230 95
369 2207 398 2231 95
456 2208 485 2232 99
543 2208 572 2232 99
601 2177 807 2235 mimum
835 2176 962 2234 pomp]
1241 2183 1529 2220 evanuerunt.

280 2273 308 2297 „
367 2274 396 2298 ‚,
454 2274 483 2299 ,‚
511 2243 568 2285 14
596 2245 743 2302 ἔλαβεν
771 2266 825 2275 -
854 2244 965 2298 περὶ]
1240 2244 1389 2287 omnia
1418 2252 1707 2289 evanuerunt.

283 2341 312 2364 9,
369 2341 398 2364 „
457 2342 485 2365 „
514 2311 571 2353 16
598 2329 687 2355 πων
716 2311 981 2362 ἀποθέσθαι]
1241 2318 1531 2354 evanuerunt,

283 2408 312 2431 „
370 2408 399 2431 „
457 2408 486 2432 ‚‚
516 2376 572 2418 17
600 2375 823 2430 δόξανκαὶ
852 2378 935 2421 τῶν
962 2375 1073 2430 dam]
1241 2384 1530 2421 evanuerunt.

282 2474 311 2496 95
370 2474 399 2497 99
457 2475 486 2498 59
512 2443 570 2486 2⁰
599 2444 723 2496 ὢῐθὸ]
1242 2445 1436 2488 evanuit.

252 2510 305 2554 P.
335 2510 419 2554 155
451 2510 510 2554 in.
541 2510 571 2556 2
598 2511 715 2567 ποτὲ]
1241 2511 1344 2557 τότε.

281 2609 311 2633 99
370 2609 399 2634 59
456 2609 485 2635 99
514 2579 571 2622 14
598 2576 672 2623 τό*
699 2578 758 2633 te]
1241 2578 1313 2624 τὸν
1341 2577 1398 2622 δὲ·

282 2674 310 2698 99
369 2675 398 2700 99
455 2676 484 2699 99
512 2644 570 2686 m
597 2645 707 2700 παρ’]
1239 2644 1352 2699 παρᾶ
1384 2643 1490 2695 τούς.

282 2742 311 2765 59
368 2743 397 2767 55
456 2743 484 2767 95
511 2711 570 2754 27
596 2710 791 2768 μιμητὴς]
1239 2709 1428 2768 μιμητὴν.

282 2807 312 2831 59
370 2810 400 2834 99
457 2810 487 2834 99
514 2778 572 2821 ω
599 2777 906 2836 ὥδρῑῑῶΐαῒῡς]
1240 2776 1549 2834 ἇνδρειῶτατον.

255 2843 307 2887 Ρ.
339 2845 515 2889 1561in.
543 2844 573 2889 6
600 2845 741 2896 αὐτὸν]
1240 2843 1365 2889 αὐτῶ.
