2655 3265
1041 312 1338 363 —‚5—

235 450 334 504 est,
386 443 718 494 exercitatum
754 460 855 493 non
889 443 1057 494 minus
1092 461 1241 510 quam
1283 444 1578 510 diligentem
1613 451 1663 493 et
1698 444 1902 493 doctum
1938 443 2149 492 scribam

187 593 195 599 .
235 529 419 597 arguit.
487 531 743 580 Accentus
776 529 911 579 enim
944 529 1221 580 rectissime
1254 527 1409 597 positi
1443 520 1592 590 sunt,
1650 538 1802 596 atque
1837 529 1964 580 vitia
1998 546 2026 578 e
2062 546 2150 579 ve-

171 670 181 678 ,
235 617 408 668 cordia
435 617 663 684 profecta
696 633 798 668 non
833 615 1039 668 offendi.
1106 614 1186 668 De
1219 617 1501 684 scripturae
1535 617 1822 668 charactere
1856 617 1987 668 nihil
2023 633 2153 683 opus

236 712 313 755 est
346 705 543 765 dicere,
586 704 706 770 quia
741 704 801 754 ab
834 721 920 765 ea,
963 701 1225 770 quaejam
1259 720 1393 754 nunc
1427 705 1482 754 in
1523 722 1618 755 usu
1652 712 1758 766 est,
1803 704 2011 754 minime
2045 705 2153 755 fere

236 790 442 854 recedit,
505 788 695 840 Scribit
727 790 827 850 ἀεὶ,
863 791 1053 855 ῥαδίως
1090 791 1199 841 sine
1228 788 1339 856 jota
1371 792 1579 852 subscr„
1614 792 1750 857 quod
1777 791 1929 842 etiam
1960 791 2014 841 in
2039 791 2153 841 aliis

238 878 405 927 verbis
433 893 794 943 nonnunquam
828 877 1032 928 omittit.
1100 877 1452 928 Inconstanter
1484 878 1768 942 ἅνθρωπος
1792 885 1843 929 et
1866 879 2152 943 ἄντρωπος,

239 964 481 1023 τετταλός
505 970 601 1013 etc.
651 964 734 1015 Ad
758 965 978 1015 membra
1000 965 1365 1016 sententiarum
1394 964 1670 1015 dividenda
1703 972 1893 1032 puncto
1929 973 1980 1016 et
2013 983 2149 1017 com-

238 1061 370 1104 mate
388 1091 400 1114 ,
450 1051 616 1103 rarius
650 1051 794 1119 signo
825 1052 1171 1120 interrogandi
1207 1052 1398 1113 utitur,
1449 1053 1608 1120 signis
1642 1052 1988 1119 distinguendi
2022 1072 2155 1105 nun-

238 1157 405 1208 quam.
441 1138 648 1191 Scholia
681 1140 921 1207 pauciora
956 1158 983 1190 a
1020 1140 1066 1191 l.
1099 1157 1266 1203 manu,
1295 1139 1553 1207 pallidiori
1584 1146 1753 1190 autem
1788 1146 2065 1192 atramento
2091 1142 2155 1192 ad

238 1227 488 1294 margines
530 1227 719 1276 codicis
763 1227 1000 1293 adspersa
1039 1232 1208 1277 sunt.“
1277 1227 1424 1277 Haec
1466 1226 1780 1277 Hauthalius
1815 1227 2153 1278 doctissimus,

238 1316 322 1365 Ex
358 1313 583 1381 ejusdem
618 1315 812 1363 ratione
846 1330 902 1363 ac
937 1313 1209 1381 disciplina
1242 1330 1358 1363 cum
1393 1313 1726 1364 Dindorfiana
1760 1314 2000 1365 Editione
2034 1331 2151 1365 eum

239 1402 462 1451 codicem
506 1401 722 1449 contulit
764 1401 825 1450 F.
870 1401 931 1450 L.
987 1401 1492 1467 Wurstembergerus
1539 1401 1814 1450 Bernensis
1863 1401 2155 1468 Theologus

239 1486 487 1537 eruditus.
587 1486 763 1535 Codex
818 1488 994 1552 plenas
1042 1487 1228 1537 formas
1279 1492 1412 1536 amat
1428 1523 1442 1546 ‚
1476 1487 1755 1536 Elisionem
1806 1503 2052 1552 respuens
2106 1494 2158 1535 et

242 1595 272 1622 ν
302 1574 687 1637 ἑφελκυστικὸν
720 1572 996 1639 negligenS.
1031 1572 1179 1636 ἡμεῖς
1198 1590 1291 1640 pro
1319 1572 1470 1635 ὑμεῖς
1489 1573 1781 1639 praeferens
1809 1590 1858 1622 V.
1876 1590 1920 1622 c.
1939 1573 2076 1623 Phil.
2101 1574 2158 1624 11

240 1679 291 1728 p.
310 1660 381 1713 73
400 1661 450 1727 §.
472 1659 533 1710 31
566 1659 668 1724 ἐρῶ
704 1660 834 1724 πρὸς
868 1660 1023 1723 ἡμᾶς,
1055 1677 1264 1728 prorsus
1307 1667 1365 1711 ut
1398 1660 1601 1721 Aldina,
1637 1677 1853 1727 quacum
1889 1660 2156 1728 tantopere

240 1748 522 1816 conspirat,
572 1754 632 1797 ut
663 1747 726 1798 de
758 1748 887 1798 libro
928 1764 1168 1815 expresso
1211 1748 1459 1816 repetitus
1504 1765 1613 1798 esse
1660 1747 1911 1798 videatur.
1979 1749 2151 1815 Quare

243 1836 298 1886 in
334 1843 593 1903 posterum
628 1833 739 1904 ejus
775 1835 1019 1886 varietate
1051 1837 1406 1903 supersedebo.

375 1924 455 1973 De
499 1920 1057 1989 Lindenbrogiano
1105 1923 1209 1973 vid.
1259 1939 1415 1990 supra
1449 1924 1509 1973 P.
1545 1923 1571 1971 I
1606 1939 1657 1988 p.
1695 1923 1757 1972 12
1794 1923 1846 1971 in
1882 1923 2048 1989 capite
2091 1923 2155 1972 de

244 2009 545 2077 Appendice
580 2009 997 2061 Francofurtana.

681 2157 714 2173 N

378 2330 532 2379 Rem.
597 2328 772 2380 Codex
821 2329 1072 2394 quondam
1115 2327 1348 2378 Andreae
1393 2327 1658 2389 Dudithii,
1709 2337 1884 2396 postea
1925 2329 2151 2380 Thomae

245 2415 675 2484 Rehdigeri*),
719 2432 854 2467 nunc
887 2416 941 2468 in
976 2415 1294 2468 Bibliotheca
1342 2415 1688 2467 Elisabethani
1738 2415 2152 2467 Vratislaviensis

333 2668 381 2723 ⁶³)
415 2667 554 2711 Varie
584 2667 702 2711 idem
732 2682 891 2713 nomen
922 2668 1148 2714 scribitur:
1178 2668 1284 2712 olim
1313 2666 1563 2727 Rudinger‚
1594 2666 1844 2726 Redinger,
1872 2666 2157 2726 Rheffinger,

416 2747 570 2796 postea
600 2740 848 2798 Rhediger.
890 2741 1012 2784 Vide
1041 2741 1266 2784 Wachler.
1295 2755 1399 2783 mox
1429 2742 1503 2785 cit.
1532 2755 1575 2797 p.
1603 2740 1632 2784 3
1661 2747 1753 2782 not.
1781 2741 1827 2796 4.
1854 2740 1924 2783 Cf.
1953 2739 2167 2798 'rhomae

417 2810 667 2869 Rhedigeri
697 2812 1033 2857 Testamentum
1062 2814 1171 2857 ibid.
1198 2829 1241 2871 p.
1268 2813 1326 2856 70
1354 2828 1418 2871 sq.
