<?xml version="1.0" encoding="UTF-8"?>
<!DOCTYPE html PUBLIC "-//W3C//DTD XHTML 1.0 Transitional//EN"
    "http://www.w3.org/TR/xhtml1/DTD/xhtml1-transitional.dtd">
<html xmlns="http://www.w3.org/1999/xhtml" xml:lang="en" lang="en">
 <head>
  <title>
</title>
<meta http-equiv="Content-Type" content="text/html;charset=utf-8" />
  <meta name='ocr-system' content='tesseract 3.04.00' />
  <meta name='ocr-capabilities' content='ocr_page ocr_carea ocr_par ocr_line ocrx_word'/>
</head>
<body>
  <div class='ocr_page' id='page_1' title='image "4748859_0018.png"; bbox 0 0 2655 3265; ppageno 0'>
   <div class='ocr_carea' id='block_1_1' title="bbox 1235 274 1567 324">
    <p class='ocr_par' dir='ltr' id='par_1_1' title="bbox 1235 274 1567 324">
     <span class='ocr_line' id='line_1_1' title="bbox 1235 274 1567 324; baseline 0.003 -13"><span class='ocrx_word' id='word_1_1' title='bbox 1235 274 1567 324; x_wconf 78' lang='lat'><strong>-12-</strong></span> 
     </span>
    </p>
   </div>
   <div class='ocr_carea' id='block_1_2' title="bbox 407 403 2382 1346">
    <p class='ocr_par' dir='ltr' id='par_1_2' title="bbox 407 403 2382 1346">
     <span class='ocr_line' id='line_1_2' title="bbox 580 403 2382 473; baseline 0.001 -20"><span class='ocrx_word' id='word_1_2' title='bbox 580 409 719 456; x_wconf 71' lang='lat' dir='ltr'><strong>Vind.</strong></span> <span class='ocrx_word' id='word_1_3' title='bbox 761 407 810 457; x_wconf 89' lang='grc'><strong>4.</strong></span> <span class='ocrx_word' id='word_1_4' title='bbox 882 406 1077 456; x_wconf 87' lang='lat' dir='ltr'><strong>Ibidem</strong></span> <span class='ocrx_word' id='word_1_5' title='bbox 1122 403 1284 456; x_wconf 82' lang='lat' dir='ltr'><strong>codex</strong></span> <span class='ocrx_word' id='word_1_6' title='bbox 1329 405 1563 457; x_wconf 82' lang='lat' dir='ltr'><strong>Graecus</strong></span> <span class='ocrx_word' id='word_1_7' title='bbox 1605 407 1712 468; x_wconf 87' lang='lat' dir='ltr'><strong>CV,</strong></span> <span class='ocrx_word' id='word_1_8' title='bbox 1758 408 1880 458; x_wconf 88' lang='lat' dir='ltr'><strong>olim</strong></span> <span class='ocrx_word' id='word_1_9' title='bbox 1923 407 1984 456; x_wconf 88' lang='lat' dir='ltr'><strong>ab</strong></span> <span class='ocrx_word' id='word_1_10' title='bbox 2026 407 2252 473; x_wconf 83' lang='lat' dir='ltr'><strong>Augerio</strong></span> <span class='ocrx_word' id='word_1_11' title='bbox 2298 408 2382 457; x_wconf 79' lang='lat' dir='ltr'><strong>de,</strong></span> 
     </span>
     <span class='ocr_line' id='line_1_3' title="bbox 438 493 2361 562; baseline -0.001 -16"><span class='ocrx_word' id='word_1_12' title='bbox 438 495 705 546; x_wconf 86' lang='lat' dir='ltr'><strong>Busbecke</strong></span> <span class='ocrx_word' id='word_1_13' title='bbox 749 500 1070 560; x_wconf 87' lang='lat' dir='ltr'><strong>comparatus</strong></span> <span class='ocrx_word' id='word_1_14' title='bbox 1136 493 1596 562; x_wconf 89' lang='lat' dir='ltr'><strong>Constantinopoli.</strong></span> <span class='ocrx_word' id='word_1_15' title='bbox 1669 495 1866 546; x_wconf 89' lang='lat' dir='ltr'><strong>Nessel.</strong></span> <span class='ocrx_word' id='word_1_16' title='bbox 1910 495 2007 545; x_wconf 89' lang='lat' dir='ltr'><strong>loc.</strong></span> <span class='ocrx_word' id='word_1_17' title='bbox 2052 494 2138 544; x_wconf 88' lang='lat' dir='ltr'><strong>cit.</strong></span> <span class='ocrx_word' id='word_1_18' title='bbox 2183 510 2235 560; x_wconf 88' lang='lat' dir='ltr'><strong>p.</strong></span> <span class='ocrx_word' id='word_1_19' title='bbox 2278 495 2361 545; x_wconf 76' lang='lat'><strong>62.</strong></span> 
     </span>
     <span class='ocr_line' id='line_1_4' title="bbox 441 579 2363 648; baseline 0 -16"><span class='ocrx_word' id='word_1_20' title='bbox 441 582 708 633; x_wconf 89' lang='lat' dir='ltr'><strong>Reimann.</strong></span> <span class='ocrx_word' id='word_1_21' title='bbox 745 583 840 631; x_wconf 92' lang='lat' dir='ltr'><strong>loc.</strong></span> <span class='ocrx_word' id='word_1_22' title='bbox 880 581 966 630; x_wconf 90' lang='lat' dir='ltr'><strong>cit.</strong></span> <span class='ocrx_word' id='word_1_23' title='bbox 1002 599 1054 647; x_wconf 88' lang='lat' dir='ltr'><strong>p.</strong></span> <span class='ocrx_word' id='word_1_24' title='bbox 1086 580 1191 629; x_wconf 75' lang='lat'><strong>716</strong></span> <span class='ocrx_word' id='word_1_25' title='bbox 1225 579 1351 631; x_wconf 92' lang='lat' dir='ltr'><strong>Cod.</strong></span> <span class='ocrx_word' id='word_1_26' title='bbox 1387 581 1463 631; x_wconf 92' lang='lat' dir='ltr'><strong>LI</strong></span> <span class='ocrx_word' id='word_1_27' title='bbox 1497 581 1784 648; x_wconf 84' lang='lat' dir='ltr'><strong>Philolog.*</strong></span> <span class='ocrx_word' id='word_1_28' title='bbox 1826 583 2091 632; x_wconf 86' lang='lat' dir='ltr'><strong>Foliorum</strong></span> <span class='ocrx_word' id='word_1_29' title='bbox 2115 582 2211 631; x_wconf 82' lang='lat'><strong>155</strong></span> <span class='ocrx_word' id='word_1_30' title='bbox 2233 583 2363 644; x_wconf 89' lang='lat' dir='ltr'><strong>(non</strong></span> 
     </span>
     <span class='ocr_line' id='line_1_5' title="bbox 446 668 2363 734; baseline 0 -16"><span class='ocrx_word' id='word_1_31' title='bbox 446 668 573 732; x_wconf 72' lang='lat'>175)</span> <span class='ocrx_word' id='word_1_32' title='bbox 593 706 606 728; x_wconf 98' lang='lat'><strong>,</strong></span> <span class='ocrx_word' id='word_1_33' title='bbox 656 668 711 718; x_wconf 92' lang='lat' dir='ltr'><strong>in</strong></span> <span class='ocrx_word' id='word_1_34' title='bbox 763 668 912 719; x_wconf 87' lang='lat' dir='ltr'><strong>Folio</strong></span> <span class='ocrx_word' id='word_1_35' title='bbox 963 668 1182 727; x_wconf 89' lang='lat' dir='ltr'><strong>minore,</strong></span> <span class='ocrx_word' id='word_1_36' title='bbox 1233 669 1365 718; x_wconf 87' lang='lat' dir='ltr'><strong>male</strong></span> <span class='ocrx_word' id='word_1_37' title='bbox 1408 675 1753 719; x_wconf 86' lang='lat' dir='ltr'><strong>conservatus.</strong></span> <span class='ocrx_word' id='word_1_38' title='bbox 1818 669 2007 719; x_wconf 86' lang='lat' dir='ltr'><strong>Charta</strong></span> <span class='ocrx_word' id='word_1_39' title='bbox 2048 668 2363 734; x_wconf 87' lang='lat' dir='ltr'><strong>bombycina,</strong></span> 
     </span>
     <span class='ocr_line' id='line_1_6' title="bbox 439 753 2363 824; baseline 0.001 -20"><span class='ocrx_word' id='word_1_40' title='bbox 439 753 635 814; x_wconf 81' lang='lat' dir='ltr'><strong>crassa,</strong></span> <span class='ocrx_word' id='word_1_41' title='bbox 690 755 910 821; x_wconf 82' lang='lat' dir='ltr'><strong>levigata</strong></span> <span class='ocrx_word' id='word_1_42' title='bbox 944 754 1176 804; x_wconf 85' lang='lat' dir='ltr'><strong>flavescit</strong></span> <span class='ocrx_word' id='word_1_43' title='bbox 1209 772 1238 804; x_wconf 92' lang='lat' dir='ltr'><strong>e</strong></span> <span class='ocrx_word' id='word_1_44' title='bbox 1272 756 1513 806; x_wconf 85' lang='lat' dir='ltr'><strong>subfusco</strong></span> <span class='ocrx_word' id='word_1_45' title='bbox 1548 757 1644 818; x_wconf 87' lang='lat' dir='ltr'><strong>(ist</strong></span> <span class='ocrx_word' id='word_1_46' title='bbox 1675 756 1942 806; x_wconf 69' lang='lat' dir='ltr'><strong>braunlich</strong></span> <span class='ocrx_word' id='word_1_47' title='bbox 1974 756 2140 824; x_wconf 84' lang='lat' dir='ltr'><strong>gelb),</strong></span> <span class='ocrx_word' id='word_1_48' title='bbox 2192 772 2363 823; x_wconf 76' lang='lat' dir='ltr'><strong>margo</strong></span> 
     </span>
     <span class='ocr_line' id='line_1_7' title="bbox 438 826 2363 910; baseline 0.001 -18"><span class='ocrx_word' id='word_1_49' title='bbox 438 850 516 892; x_wconf 89' lang='lat' dir='ltr'><strong>est</strong></span> <span class='ocrx_word' id='word_1_50' title='bbox 551 843 726 892; x_wconf 84' lang='lat' dir='ltr'><strong>fuscus</strong></span> <span class='ocrx_word' id='word_1_51' title='bbox 760 849 812 891; x_wconf 89' lang='lat' dir='ltr'><strong>et</strong></span> <span class='ocrx_word' id='word_1_52' title='bbox 846 859 875 891; x_wconf 89' lang='lat' dir='ltr'><strong>a</strong></span> <span class='ocrx_word' id='word_1_53' title='bbox 910 842 1167 893; x_wconf 83' lang='lat' dir='ltr'><strong>vermibus</strong></span> <span class='ocrx_word' id='word_1_54' title='bbox 1200 860 1451 894; x_wconf 88' lang='lat' dir='ltr'><strong>corrosus.</strong></span> <span class='ocrx_word' id='word_1_55' title='bbox 1499 843 1728 894; x_wconf 84' lang='lat' dir='ltr'><strong>Initiales</strong></span> <span class='ocrx_word' id='word_1_56' title='bbox 1763 843 1917 893; x_wconf 92' lang='lat' dir='ltr'><strong>rubro</strong></span> <span class='ocrx_word' id='word_1_57' title='bbox 1950 843 2185 910; x_wconf 84' lang='lat' dir='ltr'><strong>scriptae.</strong></span> <span class='ocrx_word' id='word_1_58' title='bbox 2233 826 2363 893; x_wconf 85' lang='lat' dir='ltr'><strong>Cum</strong></span> 
     </span>
     <span class='ocr_line' id='line_1_8' title="bbox 438 917 2367 1003; baseline 0.001 -25"><span class='ocrx_word' id='word_1_59' title='bbox 438 929 645 979; x_wconf 78' lang='lat' dir='ltr'><strong>scholiis</strong></span> <span class='ocrx_word' id='word_1_60' title='bbox 676 929 989 996; x_wconf 79' lang='lat' dir='ltr'><strong>vulgaribus,</strong></span> <span class='ocrx_word' id='word_1_61' title='bbox 1022 947 1152 996; x_wconf 86' lang='lat' dir='ltr'><strong>quae</strong></span> <span class='ocrx_word' id='word_1_62' title='bbox 1182 930 1536 980; x_wconf 90' lang='lat' dir='ltr'><strong>minutissimis</strong></span> <span class='ocrx_word' id='word_1_63' title='bbox 1571 930 1735 980; x_wconf 90' lang='lat' dir='ltr'><strong>literis</strong></span> <span class='ocrx_word' id='word_1_64' title='bbox 1768 930 1959 1003; x_wconf 76' lang='lat' dir='ltr'><strong>scripta</strong></span> <span class='ocrx_word' id='word_1_65' title='bbox 1992 936 2127 991; x_wconf 89' lang='lat' dir='ltr'><strong>sunt,</strong></span> <span class='ocrx_word' id='word_1_66' title='bbox 2162 937 2213 979; x_wconf 90' lang='lat' dir='ltr'><strong>et</strong></span> <span class='ocrx_word' id='word_1_67' title='bbox 2246 917 2367 980; x_wconf 84' lang='lat' dir='ltr'><strong>cum</strong></span> 
     </span>
     <span class='ocr_line' id='line_1_9' title="bbox 439 1016 2364 1068; baseline -0.001 -1"><span class='ocrx_word' id='word_1_68' title='bbox 439 1016 574 1067; x_wconf 87' lang='lat' dir='ltr'><strong>notis</strong></span> <span class='ocrx_word' id='word_1_69' title='bbox 606 1016 925 1067; x_wconf 79' lang='lat' dir='ltr'><strong>diversarum</strong></span> <span class='ocrx_word' id='word_1_70' title='bbox 961 1033 1221 1067; x_wconf 86' lang='lat' dir='ltr'><strong>manuum.</strong></span> <span class='ocrx_word' id='word_1_71' title='bbox 1289 1018 1492 1068; x_wconf 80' lang='lat' dir='ltr'><strong>Ductus</strong></span> <span class='ocrx_word' id='word_1_72' title='bbox 1533 1018 1794 1066; x_wconf 87' lang='lat' dir='ltr'><strong>literarum</strong></span> <span class='ocrx_word' id='word_1_73' title='bbox 1839 1017 2021 1067; x_wconf 86' lang='lat' dir='ltr'><strong>similis</strong></span> <span class='ocrx_word' id='word_1_74' title='bbox 2072 1023 2150 1066; x_wconf 88' lang='lat' dir='ltr'><strong>est</strong></span> <span class='ocrx_word' id='word_1_75' title='bbox 2200 1018 2364 1067; x_wconf 87' lang='lat' dir='ltr'><strong>Auto-</strong></span> 
     </span>
     <span class='ocr_line' id='line_1_10' title="bbox 440 1103 2364 1172; baseline 0.001 -19"><span class='ocrx_word' id='word_1_76' title='bbox 440 1103 650 1171; x_wconf 83' lang='lat' dir='ltr'><strong>graphis</strong></span> <span class='ocrx_word' id='word_1_77' title='bbox 693 1103 972 1169; x_wconf 90' lang='lat' dir='ltr'><strong>Nicephori</strong></span> <span class='ocrx_word' id='word_1_78' title='bbox 1018 1103 1281 1172; x_wconf 82' lang='lat' dir='ltr'><strong>Gregorae</strong></span> <span class='ocrx_word' id='word_1_79' title='bbox 1322 1104 1377 1154; x_wconf 93' lang='lat' dir='ltr'><strong>in</strong></span> <span class='ocrx_word' id='word_1_80' title='bbox 1422 1103 1741 1154; x_wconf 83' lang='lat' dir='ltr'><strong>Bibliotheca</strong></span> <span class='ocrx_word' id='word_1_81' title='bbox 1784 1103 1926 1170; x_wconf 79' lang='lat' dir='ltr'><strong>regia</strong></span> <span class='ocrx_word' id='word_1_82' title='bbox 1968 1103 2202 1154; x_wconf 88' lang='lat' dir='ltr'><strong>Parisina</strong></span> <span class='ocrx_word' id='word_1_83' title='bbox 2245 1121 2364 1153; x_wconf 91' lang='lat' dir='ltr'><strong>con-</strong></span> 
     </span>
     <span class='ocr_line' id='line_1_11' title="bbox 407 1172 2364 1258; baseline 0 -17"><span class='ocrx_word' id='word_1_84' title='bbox 407 1172 418 1185; x_wconf 28' lang='lat'><em>*</em></span> <span class='ocrx_word' id='word_1_85' title='bbox 440 1190 682 1253; x_wconf 69' lang='lat' dir='ltr'><strong>servatis3</strong></span> <span class='ocrx_word' id='word_1_86' title='bbox 728 1196 806 1242; x_wconf 90' lang='lat' dir='ltr'><strong>est</strong></span> <span class='ocrx_word' id='word_1_87' title='bbox 839 1190 1001 1258; x_wconf 80' lang='lat' dir='ltr'><strong>igitur</strong></span> <span class='ocrx_word' id='word_1_88' title='bbox 1034 1191 1240 1245; x_wconf 84' lang='lat' dir='ltr'><strong>Saeculi</strong></span> <span class='ocrx_word' id='word_1_89' title='bbox 1273 1191 1403 1242; x_wconf 88' lang='lat' dir='ltr'><strong>XIV</strong></span> <span class='ocrx_word' id='word_1_90' title='bbox 1436 1191 1606 1241; x_wconf 91' lang='lat' dir='ltr'><strong>medii.</strong></span> <span class='ocrx_word' id='word_1_91' title='bbox 1678 1190 2019 1241; x_wconf 86' lang='lat' dir='ltr'><strong>Continentur</strong></span> <span class='ocrx_word' id='word_1_92' title='bbox 2052 1180 2149 1242; x_wconf 72' lang='lat' dir='ltr'><strong>fol.=</strong></span> <span class='ocrx_word' id='word_1_93' title='bbox 2179 1193 2203 1241; x_wconf 97' lang='lat' dir='ltr'><strong>l</strong></span> <span class='ocrx_word' id='word_1_94' title='bbox 2231 1204 2255 1228; x_wconf 73' lang='lat'>²</span> <span class='ocrx_word' id='word_1_95' title='bbox 2289 1193 2364 1241; x_wconf 92' lang='lat' dir='ltr'><strong>la-</strong></span> 
     </span>
     <span class='ocr_line' id='line_1_12' title="bbox 439 1266 2364 1346; baseline 0 -18"><span class='ocrx_word' id='word_1_96' title='bbox 439 1285 610 1329; x_wconf 85' lang='lat' dir='ltr'><strong>cerato</strong></span> <span class='ocrx_word' id='word_1_97' title='bbox 646 1279 849 1329; x_wconf 91' lang='lat' dir='ltr'><strong>nomina</strong></span> <span class='ocrx_word' id='word_1_98' title='bbox 884 1277 1134 1329; x_wconf 91' lang='lat' dir='ltr'><strong>mensium</strong></span> <span class='ocrx_word' id='word_1_99' title='bbox 1170 1266 1488 1329; x_wconf 83' lang='lat' dir='ltr'><strong>diversarum</strong></span> <span class='ocrx_word' id='word_1_100' title='bbox 1522 1278 1766 1346; x_wconf 84' lang='lat' dir='ltr'><strong>gentium.</strong></span> <span class='ocrx_word' id='word_1_101' title='bbox 1801 1278 1915 1329; x_wconf 88' lang='lat' dir='ltr'><strong>Fol.</strong></span> <span class='ocrx_word' id='word_1_102' title='bbox 1952 1278 1977 1328; x_wconf 97' lang='grc'><strong>1</strong></span> <span class='ocrx_word' id='word_1_103' title='bbox 2005 1279 2029 1314; x_wconf 77' lang='lat' dir='ltr'><strong>b</strong></span> <span class='ocrx_word' id='word_1_104' title='bbox 2061 1279 2218 1330; x_wconf 85' lang='lat' dir='ltr'><strong>index</strong></span> <span class='ocrx_word' id='word_1_105' title='bbox 2252 1296 2364 1328; x_wconf 86' lang='lat' dir='ltr'><strong>ora-</strong></span> 
     </span>
    </p>
   </div>
   <div class='ocr_carea' id='block_1_3' title="bbox 528 1490 2366 2840">
    <p class='ocr_par' dir='ltr' id='par_1_3' title="bbox 528 1490 2366 2840">
     <span class='ocr_line' id='line_1_13' title="bbox 528 1490 2362 1550; baseline 0 -16"><span class='ocrx_word' id='word_1_106' title='bbox 528 1493 576 1547; x_wconf 78' lang='grc'><strong>*)</strong></span> <span class='ocrx_word' id='word_1_107' title='bbox 612 1491 741 1544; x_wconf 86' lang='lat' dir='ltr'><strong>Quae</strong></span> <span class='ocrx_word' id='word_1_108' title='bbox 781 1491 1007 1549; x_wconf 88' lang='lat' dir='ltr'><strong>Augerius</strong></span> <span class='ocrx_word' id='word_1_109' title='bbox 1037 1491 1264 1536; x_wconf 85' lang='lat' dir='ltr'><strong>Gislenius</strong></span> <span class='ocrx_word' id='word_1_110' title='bbox 1303 1492 1587 1550; x_wconf 88' lang='lat' dir='ltr'><strong>Busbequius</strong></span> <span class='ocrx_word' id='word_1_111' title='bbox 1627 1490 1685 1534; x_wconf 91' lang='lat' dir='ltr'><strong>de</strong></span> <span class='ocrx_word' id='word_1_112' title='bbox 1726 1491 2097 1548; x_wconf 88' lang='lat' dir='ltr'><strong>Inscriptionibus</strong></span> <span class='ocrx_word' id='word_1_113' title='bbox 2138 1498 2184 1534; x_wconf 91' lang='lat' dir='ltr'><strong>et</strong></span> <span class='ocrx_word' id='word_1_114' title='bbox 2221 1492 2362 1534; x_wconf 88' lang='lat' dir='ltr'><strong>numis</strong></span> 
     </span>
     <span class='ocr_line' id='line_1_14' title="bbox 614 1563 2363 1621; baseline 0 -15"><span class='ocrx_word' id='word_1_115' title='bbox 614 1563 1009 1620; x_wconf 80' lang='lat' dir='ltr'><strong>Constantinopoli</strong></span> <span class='ocrx_word' id='word_1_116' title='bbox 1028 1580 1054 1607; x_wconf 92' lang='lat' dir='ltr'><strong>a</strong></span> <span class='ocrx_word' id='word_1_117' title='bbox 1076 1579 1123 1607; x_wconf 86' lang='lat' dir='ltr'><strong>se</strong></span> <span class='ocrx_word' id='word_1_118' title='bbox 1146 1564 1301 1621; x_wconf 83' lang='lat' dir='ltr'><strong>legato</strong></span> <span class='ocrx_word' id='word_1_119' title='bbox 1313 1564 1517 1607; x_wconf 87' lang='lat' dir='ltr'><strong>collectis</strong></span> <span class='ocrx_word' id='word_1_120' title='bbox 1536 1564 1583 1606; x_wconf 89' lang='lat' dir='ltr'><strong>in</strong></span> <span class='ocrx_word' id='word_1_121' title='bbox 1606 1564 1847 1606; x_wconf 88' lang='lat' dir='ltr'><strong>Itinerario</strong></span> <span class='ocrx_word' id='word_1_122' title='bbox 1864 1563 2363 1619; x_wconf 84' lang='lat' dir='ltr'><strong>Constantinopolitano</strong></span> 
     </span>
     <span class='ocr_line' id='line_1_15' title="bbox 611 1635 2365 1693; baseline 0.001 -15"><span class='ocrx_word' id='word_1_123' title='bbox 611 1636 706 1678; x_wconf 89' lang='lat' dir='ltr'><strong>sive</strong></span> <span class='ocrx_word' id='word_1_124' title='bbox 736 1636 878 1692; x_wconf 90' lang='lat' dir='ltr'><strong>Epist.</strong></span> <span class='ocrx_word' id='word_1_125' title='bbox 908 1636 1170 1693; x_wconf 85' lang='lat' dir='ltr'><strong>Legationis</strong></span> <span class='ocrx_word' id='word_1_126' title='bbox 1189 1636 1410 1680; x_wconf 82' lang='lat' dir='ltr'><strong>Turcicae</strong></span> <span class='ocrx_word' id='word_1_127' title='bbox 1438 1637 1529 1680; x_wconf 86' lang='lat' dir='ltr'><strong>IV·</strong></span> <span class='ocrx_word' id='word_1_128' title='bbox 1556 1636 1602 1678; x_wconf 91' lang='lat' dir='ltr'><strong>in</strong></span> <span class='ocrx_word' id='word_1_129' title='bbox 1628 1636 1716 1678; x_wconf 90' lang='lat' dir='ltr'><strong>fine</strong></span> <span class='ocrx_word' id='word_1_130' title='bbox 1736 1636 2018 1680; x_wconf 77' lang='lat' dir='ltr'><strong>Francofurti</strong></span> <span class='ocrx_word' id='word_1_131' title='bbox 2038 1636 2096 1678; x_wconf 90' lang='grc'><strong>16</strong></span> <span class='ocrx_word' id='word_1_132' title='bbox 2116 1636 2228 1679; x_wconf 91' lang='lat' dir='ltr'><strong>Dec.</strong></span> <span class='ocrx_word' id='word_1_133' title='bbox 2252 1635 2365 1679; x_wconf 80' lang='lat'>1562</span> 
     </span>
     <span class='ocr_line' id='line_1_16' title="bbox 610 1707 2365 1765; baseline -0.001 -14"><span class='ocrx_word' id='word_1_134' title='bbox 610 1708 812 1764; x_wconf 87' lang='lat' dir='ltr'><strong>scripsit,</strong></span> <span class='ocrx_word' id='word_1_135' title='bbox 842 1708 928 1751; x_wconf 89' lang='lat' dir='ltr'><strong>huc</strong></span> <span class='ocrx_word' id='word_1_136' title='bbox 957 1709 1214 1764; x_wconf 84' lang='lat' dir='ltr'><strong>pertinent:</strong></span> <span class='ocrx_word' id='word_1_137' title='bbox 1243 1708 1490 1765; x_wconf 85' lang='lat' dir='ltr'><strong>„Reporto</strong></span> <span class='ocrx_word' id='word_1_138' title='bbox 1521 1722 1723 1765; x_wconf 81' lang='lat' dir='ltr'><strong>magnam</strong></span> <span class='ocrx_word' id='word_1_139' title='bbox 1753 1707 2022 1764; x_wconf 77' lang='lat' dir='ltr'><strong>farraginem</strong></span> <span class='ocrx_word' id='word_1_140' title='bbox 2050 1714 2252 1751; x_wconf 85' lang='lat' dir='ltr'><strong>veterum</strong></span> <span class='ocrx_word' id='word_1_141' title='bbox 2282 1722 2365 1750; x_wconf 90' lang='lat' dir='ltr'><strong>nu·-</strong></span> 
     </span>
     <span class='ocr_line' id='line_1_17' title="bbox 612 1778 2364 1837; baseline -0.001 -15"><span class='ocrx_word' id='word_1_142' title='bbox 612 1780 882 1834; x_wconf 89' lang='lat' dir='ltr'><strong>mismatum‚</strong></span> <span class='ocrx_word' id='word_1_143' title='bbox 928 1794 1114 1837; x_wconf 87' lang='lat' dir='ltr'><strong>quorum</strong></span> <span class='ocrx_word' id='word_1_144' title='bbox 1151 1780 1403 1836; x_wconf 86' lang='lat' dir='ltr'><strong>praecipuis</strong></span> <span class='ocrx_word' id='word_1_145' title='bbox 1442 1778 1621 1822; x_wconf 89' lang='lat' dir='ltr'><strong>donabo</strong></span> <span class='ocrx_word' id='word_1_146' title='bbox 1661 1779 1887 1822; x_wconf 91' lang='lat' dir='ltr'><strong>dominum</strong></span> <span class='ocrx_word' id='word_1_147' title='bbox 1917 1793 2076 1822; x_wconf 89' lang='lat' dir='ltr'><strong>meum.</strong></span> <span class='ocrx_word' id='word_1_148' title='bbox 2133 1779 2208 1821; x_wconf 84' lang='lat' dir='ltr'><strong>Ad</strong></span> <span class='ocrx_word' id='word_1_149' title='bbox 2237 1778 2364 1833; x_wconf 89' lang='lat' dir='ltr'><strong>haec,</strong></span> 
     </span>
     <span class='ocr_line' id='line_1_18' title="bbox 608 1850 2365 1910; baseline 0 -15"><span class='ocrx_word' id='word_1_150' title='bbox 608 1852 823 1895; x_wconf 88' lang='lat' dir='ltr'><strong>librorum</strong></span> <span class='ocrx_word' id='word_1_151' title='bbox 845 1851 1119 1896; x_wconf 86' lang='lat' dir='ltr'><strong>Graecorum</strong></span> <span class='ocrx_word' id='word_1_152' title='bbox 1146 1852 1540 1910; x_wconf 84' lang='lat' dir='ltr'><strong>manuscriptorum</strong></span> <span class='ocrx_word' id='word_1_153' title='bbox 1569 1857 1667 1895; x_wconf 89' lang='lat' dir='ltr'><strong>tota</strong></span> <span class='ocrx_word' id='word_1_154' title='bbox 1694 1850 1906 1909; x_wconf 87' lang='lat' dir='ltr'><strong>plaustra,</strong></span> <span class='ocrx_word' id='word_1_155' title='bbox 1935 1857 2053 1895; x_wconf 86' lang='lat' dir='ltr'><strong>totas</strong></span> <span class='ocrx_word' id='word_1_156' title='bbox 2072 1865 2221 1895; x_wconf 87' lang='lat' dir='ltr'><strong>naves.</strong></span> <span class='ocrx_word' id='word_1_157' title='bbox 2251 1851 2365 1895; x_wconf 88' lang='lat' dir='ltr'><strong>Sunt</strong></span> 
     </span>
     <span class='ocr_line' id='line_1_19' title="bbox 609 1909 2365 1983; baseline -0.001 -14"><span class='ocrx_word' id='word_1_158' title='bbox 609 1925 748 1970; x_wconf 91' lang='lat' dir='ltr'><strong>credo</strong></span> <span class='ocrx_word' id='word_1_159' title='bbox 776 1924 1030 1973; x_wconf 60' lang='lat' dir='ltr'><strong>librthaud</strong></span> <span class='ocrx_word' id='word_1_160' title='bbox 1058 1909 1200 1968; x_wconf 86' lang='lat' dir='ltr'><strong>multo</strong></span> <span class='ocrx_word' id='word_1_161' title='bbox 1229 1924 1348 1968; x_wconf 87' lang='lat' dir='ltr'><strong>infra</strong></span> <span class='ocrx_word' id='word_1_162' title='bbox 1373 1924 1474 1981; x_wconf 71' lang='lat'><strong>24⁰,</strong></span> <span class='ocrx_word' id='word_1_163' title='bbox 1506 1939 1617 1983; x_wconf 89' lang='lat' dir='ltr'><strong>quos</strong></span> <span class='ocrx_word' id='word_1_164' title='bbox 1646 1924 1755 1968; x_wconf 88' lang='lat' dir='ltr'><strong>mari</strong></span> <span class='ocrx_word' id='word_1_165' title='bbox 1784 1924 2005 1969; x_wconf 88' lang='lat' dir='ltr'><strong>transmisi</strong></span> <span class='ocrx_word' id='word_1_166' title='bbox 2033 1924 2275 1980; x_wconf 84' lang='lat' dir='ltr'><strong>Venetias,</strong></span> <span class='ocrx_word' id='word_1_167' title='bbox 2314 1930 2365 1968; x_wconf 90' lang='lat' dir='ltr'><strong>ut</strong></span> 
     </span>
     <span class='ocr_line' id='line_1_20' title="bbox 612 1996 2365 2054; baseline -0.001 -13"><span class='ocrx_word' id='word_1_168' title='bbox 612 1998 719 2042; x_wconf 90' lang='lat' dir='ltr'><strong>inde</strong></span> <span class='ocrx_word' id='word_1_169' title='bbox 749 1998 973 2041; x_wconf 82' lang='lat' dir='ltr'><strong>Viennam</strong></span> <span class='ocrx_word' id='word_1_170' title='bbox 1004 1997 1362 2054; x_wconf 85' lang='lat' dir='ltr'><strong>deportarentur.</strong></span> <span class='ocrx_word' id='word_1_171' title='bbox 1418 1998 1534 2040; x_wconf 86' lang='lat' dir='ltr'><strong>Nam</strong></span> <span class='ocrx_word' id='word_1_172' title='bbox 1558 1997 1807 2041; x_wconf 87' lang='lat' dir='ltr'><strong>Caesareae</strong></span> <span class='ocrx_word' id='word_1_173' title='bbox 1836 1996 2150 2040; x_wconf 84' lang='lat' dir='ltr'><strong>Bibliothecae</strong></span> <span class='ocrx_word' id='word_1_174' title='bbox 2180 2011 2255 2039; x_wconf 83' lang='lat' dir='ltr'><strong>eos</strong></span> <span class='ocrx_word' id='word_1_175' title='bbox 2283 1999 2365 2041; x_wconf 91' lang='lat' dir='ltr'><strong>de-</strong></span> 
     </span>
     <span class='ocr_line' id='line_1_21' title="bbox 611 2068 2364 2126; baseline -0.002 -12"><span class='ocrx_word' id='word_1_176' title='bbox 611 2070 786 2114; x_wconf 88' lang='lat' dir='ltr'><strong>stinavi.</strong></span> <span class='ocrx_word' id='word_1_177' title='bbox 816 2075 915 2113; x_wconf 90' lang='lat' dir='ltr'><strong>sunt</strong></span> <span class='ocrx_word' id='word_1_178' title='bbox 951 2068 1126 2126; x_wconf 91' lang='lat' dir='ltr'><strong>aliquot</strong></span> <span class='ocrx_word' id='word_1_179' title='bbox 1154 2083 1246 2111; x_wconf 88' lang='lat' dir='ltr'><strong>non</strong></span> <span class='ocrx_word' id='word_1_180' title='bbox 1276 2068 1619 2123; x_wconf 89' lang='lat' dir='ltr'><strong>contemnendi,</strong></span> <span class='ocrx_word' id='word_1_181' title='bbox 1656 2083 1909 2112; x_wconf 84' lang='lat' dir='ltr'><strong>communes</strong></span> <span class='ocrx_word' id='word_1_182' title='bbox 1947 2069 2088 2113; x_wconf 88' lang='lat' dir='ltr'><strong>multi.</strong></span> <span class='ocrx_word' id='word_1_183' title='bbox 2145 2069 2364 2112; x_wconf 85' lang='lat' dir='ltr'><strong>Converri</strong></span> 
     </span>
     <span class='ocr_line' id='line_1_22' title="bbox 611 2140 2365 2200; baseline -0.001 -15"><span class='ocrx_word' id='word_1_184' title='bbox 611 2156 767 2186; x_wconf 86' lang='lat' dir='ltr'><strong>omnes</strong></span> <span class='ocrx_word' id='word_1_185' title='bbox 786 2142 989 2200; x_wconf 79' lang='lat' dir='ltr'><strong>angulos,</strong></span> <span class='ocrx_word' id='word_1_186' title='bbox 1020 2147 1083 2196; x_wconf 89' lang='lat' dir='ltr'><strong>ut,</strong></span> <span class='ocrx_word' id='word_1_187' title='bbox 1114 2140 1334 2198; x_wconf 90' lang='lat' dir='ltr'><strong>quidquid</strong></span> <span class='ocrx_word' id='word_1_188' title='bbox 1351 2142 1550 2185; x_wconf 86' lang='lat' dir='ltr'><strong>restabat</strong></span> <span class='ocrx_word' id='word_1_189' title='bbox 1573 2140 1824 2200; x_wconf 88' lang='lat' dir='ltr'><strong>hujusmodi</strong></span> <span class='ocrx_word' id='word_1_190' title='bbox 1845 2141 2018 2198; x_wconf 86' lang='lat' dir='ltr'><strong>mercis,</strong></span> <span class='ocrx_word' id='word_1_191' title='bbox 2047 2147 2256 2199; x_wconf 88' lang='lat' dir='ltr'><strong>tanquam</strong></span> <span class='ocrx_word' id='word_1_192' title='bbox 2281 2155 2365 2184; x_wconf 93' lang='lat' dir='ltr'><strong>no-</strong></span> 
     </span>
     <span class='ocr_line' id='line_1_23' title="bbox 614 2214 2363 2272; baseline -0.001 -14"><span class='ocrx_word' id='word_1_193' title='bbox 614 2215 792 2258; x_wconf 87' lang='lat' dir='ltr'><strong>vissimo</strong></span> <span class='ocrx_word' id='word_1_194' title='bbox 821 2214 1069 2271; x_wconf 82' lang='lat' dir='ltr'><strong>specilegio</strong></span> <span class='ocrx_word' id='word_1_195' title='bbox 1099 2227 1323 2270; x_wconf 82' lang='lat' dir='ltr'><strong>cogerem.</strong></span> <span class='ocrx_word' id='word_1_196' title='bbox 1381 2214 1529 2257; x_wconf 90' lang='lat' dir='ltr'><strong>Unum</strong></span> <span class='ocrx_word' id='word_1_197' title='bbox 1572 2214 1735 2271; x_wconf 87' lang='lat' dir='ltr'><strong>reliqui</strong></span> <span class='ocrx_word' id='word_1_198' title='bbox 1774 2214 2166 2272; x_wconf 87' lang='lat' dir='ltr'><strong>Constantinopoli</strong></span> <span class='ocrx_word' id='word_1_199' title='bbox 2207 2214 2363 2257; x_wconf 89' lang='lat' dir='ltr'><strong>decre-</strong></span> 
     </span>
     <span class='ocr_line' id='line_1_24' title="bbox 612 2286 2364 2346; baseline -0.001 -16"><span class='ocrx_word' id='word_1_200' title='bbox 612 2288 737 2346; x_wconf 89' lang='lat' dir='ltr'><strong>pitae</strong></span> <span class='ocrx_word' id='word_1_201' title='bbox 765 2286 1012 2341; x_wconf 85' lang='lat' dir='ltr'><strong>vetustatis,</strong></span> <span class='ocrx_word' id='word_1_202' title='bbox 1041 2291 1186 2329; x_wconf 90' lang='lat' dir='ltr'><strong>totum</strong></span> <span class='ocrx_word' id='word_1_203' title='bbox 1203 2286 1473 2343; x_wconf 88' lang='lat' dir='ltr'><strong>descriptum</strong></span> <span class='ocrx_word' id='word_1_204' title='bbox 1491 2286 1625 2330; x_wconf 88' lang='lat' dir='ltr'><strong>litera</strong></span> <span class='ocrx_word' id='word_1_205' title='bbox 1646 2286 1899 2344; x_wconf 88' lang='lat' dir='ltr'><strong>majuscula,</strong></span> <span class='ocrx_word' id='word_1_206' title='bbox 1929 2287 2243 2330; x_wconf 86' lang='lat' dir='ltr'><strong>Dioscoridem</strong></span> <span class='ocrx_word' id='word_1_207' title='bbox 2266 2301 2364 2329; x_wconf 89' lang='lat' dir='ltr'><strong>cum</strong></span> 
     </span>
     <span class='ocr_line' id='line_1_25' title="bbox 610 2357 2364 2417; baseline 0 -15"><span class='ocrx_word' id='word_1_208' title='bbox 610 2358 803 2415; x_wconf 83' lang='lat' dir='ltr'><strong>depictis</strong></span> <span class='ocrx_word' id='word_1_209' title='bbox 832 2357 1082 2414; x_wconf 89' lang='lat' dir='ltr'><strong>plantarum</strong></span> <span class='ocrx_word' id='word_1_210' title='bbox 1108 2358 1286 2415; x_wconf 79' lang='lat' dir='ltr'><strong>figuris,</strong></span> <span class='ocrx_word' id='word_1_211' title='bbox 1316 2358 1362 2400; x_wconf 94' lang='lat' dir='ltr'><strong>in</strong></span> <span class='ocrx_word' id='word_1_212' title='bbox 1394 2373 1483 2416; x_wconf 92' lang='lat' dir='ltr'><strong>quo</strong></span> <span class='ocrx_word' id='word_1_213' title='bbox 1514 2365 1616 2401; x_wconf 87' lang='lat' dir='ltr'><strong>sunt</strong></span> <span class='ocrx_word' id='word_1_214' title='bbox 1643 2359 1835 2416; x_wconf 89' lang='lat' dir='ltr'><strong>paucula</strong></span> <span class='ocrx_word' id='word_1_215' title='bbox 1863 2359 2110 2417; x_wconf 82' lang='lat' dir='ltr'><strong>quaedam,</strong></span> <span class='ocrx_word' id='word_1_216' title='bbox 2140 2359 2186 2402; x_wconf 90' lang='lat' dir='ltr'><strong>ni</strong></span> <span class='ocrx_word' id='word_1_217' title='bbox 2213 2358 2364 2414; x_wconf 81' lang='lat' dir='ltr'><strong>fallor,</strong></span> 
     </span>
     <span class='ocr_line' id='line_1_26' title="bbox 611 2428 2364 2489; baseline -0.001 -15"><span class='ocrx_word' id='word_1_218' title='bbox 611 2431 861 2484; x_wconf 86' lang='lat' dir='ltr'><strong>Cratevae,</strong></span> <span class='ocrx_word' id='word_1_219' title='bbox 901 2435 949 2473; x_wconf 87' lang='lat' dir='ltr'><strong>et</strong></span> <span class='ocrx_word' id='word_1_220' title='bbox 985 2428 1167 2472; x_wconf 85' lang='lat' dir='ltr'><strong>libellus</strong></span> <span class='ocrx_word' id='word_1_221' title='bbox 1196 2429 1254 2472; x_wconf 91' lang='lat' dir='ltr'><strong>de</strong></span> <span class='ocrx_word' id='word_1_222' title='bbox 1284 2431 1452 2474; x_wconf 84' lang='lat' dir='ltr'><strong>avibus.</strong></span> <span class='ocrx_word' id='word_1_223' title='bbox 1508 2431 1553 2474; x_wconf 86' lang='lat' dir='ltr'><strong>Is</strong></span> <span class='ocrx_word' id='word_1_224' title='bbox 1592 2438 1660 2474; x_wconf 91' lang='lat' dir='ltr'><strong>est</strong></span> <span class='ocrx_word' id='word_1_225' title='bbox 1696 2446 1837 2489; x_wconf 87' lang='lat' dir='ltr'><strong>penes</strong></span> <span class='ocrx_word' id='word_1_226' title='bbox 1870 2431 2094 2475; x_wconf 81' lang='lat' dir='ltr'><strong>Judaeum</strong></span> <span class='ocrx_word' id='word_1_227' title='bbox 2123 2430 2364 2486; x_wconf 78' lang='lat' dir='ltr'><strong>&#39;&#39;Hamonis,</strong></span> 
     </span>
     <span class='ocr_line' id='line_1_27' title="bbox 609 2500 2364 2563; baseline 0 -15"><span class='ocrx_word' id='word_1_228' title='bbox 609 2504 714 2548; x_wconf 87' lang='lat' dir='ltr'><strong>dum</strong></span> <span class='ocrx_word' id='word_1_229' title='bbox 733 2502 925 2557; x_wconf 85' lang='lat' dir='ltr'><strong>viveret,</strong></span> <span class='ocrx_word' id='word_1_230' title='bbox 949 2500 1227 2545; x_wconf 89' lang='lat' dir='ltr'><strong>Suleimanni</strong></span> <span class='ocrx_word' id='word_1_231' title='bbox 1241 2501 1403 2547; x_wconf 88' lang='lat' dir='ltr'><strong>medici</strong></span> <span class='ocrx_word' id='word_1_232' title='bbox 1431 2502 1585 2560; x_wconf 83' lang='lat' dir='ltr'><strong>filium,</strong></span> <span class='ocrx_word' id='word_1_233' title='bbox 1605 2519 1737 2563; x_wconf 86' lang='lat' dir='ltr'><strong>quem</strong></span> <span class='ocrx_word' id='word_1_234' title='bbox 1754 2519 1843 2563; x_wconf 77' lang='lat' dir='ltr'><strong>ego</strong></span> <span class='ocrx_word' id='word_1_235' title='bbox 1860 2508 2057 2562; x_wconf 88' lang='lat' dir='ltr'><strong>emptum</strong></span> <span class='ocrx_word' id='word_1_236' title='bbox 2083 2504 2364 2561; x_wconf 67' lang='lat' dir='ltr'><strong>cupivissem,</strong></span> 
     </span>
     <span class='ocr_line' id='line_1_28' title="bbox 610 2574 2366 2632; baseline 0.001 -13"><span class='ocrx_word' id='word_1_237' title='bbox 610 2577 691 2620; x_wconf 82' lang='lat' dir='ltr'><strong>sed</strong></span> <span class='ocrx_word' id='word_1_238' title='bbox 722 2589 793 2618; x_wconf 90' lang='lat' dir='ltr'><strong>me</strong></span> <span class='ocrx_word' id='word_1_239' title='bbox 824 2574 1047 2618; x_wconf 83' lang='lat' dir='ltr'><strong>deterruit</strong></span> <span class='ocrx_word' id='word_1_240' title='bbox 1078 2574 1284 2632; x_wconf 89' lang='lat' dir='ltr'><strong>pretium.</strong></span> <span class='ocrx_word' id='word_1_241' title='bbox 1324 2589 1424 2619; x_wconf 90' lang='lat' dir='ltr'><strong>nam</strong></span> <span class='ocrx_word' id='word_1_242' title='bbox 1454 2582 1631 2620; x_wconf 87' lang='lat' dir='ltr'><strong>centum</strong></span> <span class='ocrx_word' id='word_1_243' title='bbox 1661 2577 1832 2622; x_wconf 86' lang='lat' dir='ltr'><strong>ducatis</strong></span> <span class='ocrx_word' id='word_1_244' title='bbox 1860 2575 2169 2632; x_wconf 89' lang='lat' dir='ltr'><strong>indicabatur,</strong></span> <span class='ocrx_word' id='word_1_245' title='bbox 2199 2590 2366 2620; x_wconf 83' lang='lat' dir='ltr'><strong>summa</strong></span> 
     </span>
     <span class='ocr_line' id='line_1_29' title="bbox 611 2647 2365 2711; baseline 0 -19"><span class='ocrx_word' id='word_1_246' title='bbox 611 2649 840 2702; x_wconf 85' lang='lat' dir='ltr'><strong>Caesarei,</strong></span> <span class='ocrx_word' id='word_1_247' title='bbox 868 2662 961 2689; x_wconf 91' lang='lat' dir='ltr'><strong>non</strong></span> <span class='ocrx_word' id='word_1_248' title='bbox 990 2647 1079 2688; x_wconf 90' lang='lat' dir='ltr'><strong>mei</strong></span> <span class='ocrx_word' id='word_1_249' title='bbox 1108 2647 1329 2703; x_wconf 88' lang='lat' dir='ltr'><strong>marsupii.</strong></span> <span class='ocrx_word' id='word_1_250' title='bbox 1386 2648 1487 2704; x_wconf 85' lang='lat' dir='ltr'><strong>Ego</strong></span> <span class='ocrx_word' id='word_1_251' title='bbox 1517 2648 1681 2691; x_wconf 84' lang='lat' dir='ltr'><strong>instare</strong></span> <span class='ocrx_word' id='word_1_252' title='bbox 1712 2664 1801 2692; x_wconf 90' lang='lat' dir='ltr'><strong>non</strong></span> <span class='ocrx_word' id='word_1_253' title='bbox 1829 2649 2042 2705; x_wconf 87' lang='lat' dir='ltr'><strong>desinam,</strong></span> <span class='ocrx_word' id='word_1_254' title='bbox 2073 2648 2219 2692; x_wconf 90' lang='lat' dir='ltr'><strong>donec</strong></span> <span class='ocrx_word' id='word_1_255' title='bbox 2249 2648 2365 2711; x_wconf 81' lang='lat' dir='ltr'><strong>Cae·</strong></span> 
     </span>
     <span class='ocr_line' id='line_1_30' title="bbox 610 2717 2365 2780; baseline -0.002 -14"><span class='ocrx_word' id='word_1_256' title='bbox 610 2737 753 2767; x_wconf 87' lang='lat' dir='ltr'><strong>sarem</strong></span> <span class='ocrx_word' id='word_1_257' title='bbox 783 2717 1139 2780; x_wconf 87' lang='lat' dir='ltr'><strong>[Ferdinandum</strong></span> <span class='ocrx_word' id='word_1_258' title='bbox 1168 2717 1213 2776; x_wconf 95' lang='lat' dir='ltr'><strong>I]</strong></span> <span class='ocrx_word' id='word_1_259' title='bbox 1251 2718 1496 2777; x_wconf 89' lang='lat' dir='ltr'><strong>impulero,</strong></span> <span class='ocrx_word' id='word_1_260' title='bbox 1536 2728 1585 2765; x_wconf 91' lang='lat' dir='ltr'><strong>ut</strong></span> <span class='ocrx_word' id='word_1_261' title='bbox 1621 2728 1710 2765; x_wconf 90' lang='lat' dir='ltr'><strong>tam</strong></span> <span class='ocrx_word' id='word_1_262' title='bbox 1748 2721 2025 2780; x_wconf 87' lang='lat' dir='ltr'><strong>praeclarum</strong></span> <span class='ocrx_word' id='word_1_263' title='bbox 2064 2728 2267 2765; x_wconf 87' lang='lat' dir='ltr'><strong>autorem</strong></span> <span class='ocrx_word' id='word_1_264' title='bbox 2305 2735 2365 2763; x_wconf 81' lang='lat' dir='ltr'><strong>ex</strong></span> 
     </span>
     <span class='ocr_line' id='line_1_31' title="bbox 613 2792 1205 2840; baseline -0.007 -2"><span class='ocrx_word' id='word_1_265' title='bbox 613 2795 693 2840; x_wconf 89' lang='lat' dir='ltr'><strong>illa</strong></span> <span class='ocrx_word' id='word_1_266' title='bbox 722 2796 936 2838; x_wconf 83' lang='lat' dir='ltr'><strong>servitute</strong></span> <span class='ocrx_word' id='word_1_267' title='bbox 970 2792 1205 2837; x_wconf 84' lang='lat' dir='ltr'><strong>redimat.“</strong></span> 
     </span>
    </p>
   </div>
  </div>
 </body>
</html>
