2655 3265
236 478 350 530 Fol.
384 479 452 531 39
474 492 497 518 ⁸
529 482 646 536 adv·
680 483 846 550 Epist.
875 482 1011 544 Phil.
1042 482 1157 533 Fol.
1182 482 1245 531 41
1272 493 1295 518 ⁸
1327 483 1495 550 Epist.
1531 483 1669 534 Phil.
1704 483 1817 533 Fol.
1847 483 1913 533 43
1937 494 1959 518 ⁸
1994 484 2142 550 Synt.
2196 536 2198 538 ,

236 567 350 617 Fol.
383 568 450 618 46
474 579 496 604 ⁸
530 570 727 634 Symm.
773 570 886 621 Fol.
919 570 987 621 49
1009 571 1034 606 b
1066 569 1269 620 initium
1301 567 1542 621 orationis
1576 586 1669 636 pro
1704 570 1870 620 Rhod.
1905 570 2145 619 libert.—

236 653 349 705 Fol.
383 655 417 705 6
439 656 479 716 b,
511 655 548 705 7
571 666 609 716 8,
641 656 676 705 9
697 656 721 692 b
756 664 807 706 et
843 658 905 707 lo
928 669 951 694 ³
984 662 1104 707 sunt
1138 673 1321 717 vacua,
1355 657 1445 726 sed
1478 657 1609 708 nihil
1642 657 1805 717 deest,
1839 664 1899 707 ut
1930 673 1958 706 a
1993 672 2146 706 manu

237 742 426 792 recenti
469 749 717 793 monetur.
787 744 974 794 Charta
1016 740 1171 809 hujus
1212 743 1405 810 primae
1446 744 1607 811 partis
1642 751 1720 794 est
1750 745 1992 803 sufflava‚
2043 759 2144 793 non

235 830 482 896 levigata3
524 837 669 901 notas
702 832 757 880 in
792 831 1015 897 margine
1047 837 1273 881 extremo
1306 831 1520 898 scriptas
1554 833 1718 882 culter
1751 830 2025 896 bibliopegi
2060 831 2143 879 ab·

237 917 403 967 scidit.
471 917 759 968 Literarum
803 918 941 967 color
974 925 1051 967 est
1084 918 1353 967 subfuscus
1368 955 1382 979 ,
1428 919 1590 970 forma
1625 926 1836 985 apparet
1869 919 1922 968 in
1957 918 2082 966 Tab.
2118 916 2143 965 Ι

237 1004 361 1054 N-ro.
398 1005 444 1054 l.
512 1002 690 1054 Scriba
737 1003 927 1074 amavit
966 1003 1288 1069 compendia,
1352 1004 1503 1054 etiam
1543 1005 1598 1054 in
1642 1005 1823 1054 mediis
1868 992 2142 1059 vocabuli&

235 1090 340 1140 iota
371 1106 630 1157 nunquam
664 1089 980 1159 subscripsit.
1028 1090 1130 1139 Pro
1164 1110 1244 1154 αμ
1277 1107 1428 1156 saepe
1462 1091 1684 1141 occurrit
1718 1094 1766 1136 ἵε.
1821 1092 2142 1141 Gorrectores

237 1177 533 1227 varietatem
559 1177 790 1228 lectionis
817 1177 1147 1239 addiderunt3
1182 1177 1344 1227 scriba
1372 1194 1494 1228 vero
1531 1178 1727 1245 primus
1763 1179 1850 1229 ubi
1885 1178 1938 1227 in
1973 1192 2142 1227 exem-

236 1264 368 1330 plari
402 1281 494 1314 suo
529 1264 824 1314 varietatem
859 1281 1014 1330 super
1047 1265 1350 1330 vocabulum
1386 1265 1591 1330 aliquod
1624 1265 1904 1325 invenerat,
1945 1272 2142 1313 utrum—

236 1368 335 1417 que
366 1368 470 1401 uno
503 1367 656 1400 versu
690 1348 955 1416 conjunxit
988 1357 1039 1400 et
1073 1351 1285 1402 Glossas
1310 1351 1502 1402 Textui
1534 1351 1765 1402 inseruit.
1814 1352 1983 1402 Etiam
2017 1348 2142 1399 scri-

235 1438 340 1505 psit
372 1436 652 1502 ὲβερτήσει,
686 1436 1152 1502 πολιτεβομένους.
1220 1438 1487 1488 Extremas
1538 1455 1740 1504 quoque
1783 1438 2004 1504 syllabas
2048 1435 2141 1486 ali-

235 1525 434 1590 quotsses
457 1523 643 1585 omisit,
676 1531 736 1573 ut
759 1524 892 1586 μάλι
925 1542 1019 1591 pro
1051 1524 1299 1589 μάλιστα,
1327 1524 1619 1573 Ἀπολλωνί
1650 1542 1744 1590 pro
1772 1522 2140 1587 Ἀπολλωνίδῃ.

234 1611 391 1661 Multi
433 1612 607 1677 lapsus
641 1627 670 1660 a
702 1611 923 1662 secunda
962 1629 1115 1662 manu
1156 1610 1368 1662 correcti
1409 1617 1557 1672 sunt,
1607 1618 1667 1662 ut
1706 1610 2000 1677 saepissime
2042 1611 2142 1658 σθε

235 1714 329 1764 pro
348 1699 496 1759 σθαι,
532 1716 582 1746 τε
618 1713 712 1763 pro
749 1719 848 1759 ται,
885 1718 936 1748 οι
968 1716 1062 1766 pro
1099 1719 1127 1759 η
1164 1699 1303 1761 (τοῖς
1325 1715 1419 1764 pro
1451 1700 1553 1759 τῆς,
1588 1698 1779 1748 ἐκιῖνοι
1800 1716 1894 1764 pro
1920 1697 2141 1759 ἐκείνη),

235 1805 277 1834 ει
310 1802 404 1852 pro
439 1807 467 1849 ῃ
503 1785 832 1849 (προείρηται
864 1802 958 1852 pro
992 1785 1307 1850 προῄρηται)
1343 1791 1395 1835 et
1429 1802 1575 1835 versa
1618 1785 1745 1836 vice.
1796 1785 1967 1835 αὑτὸν
2010 1785 2141 1847 ὁμοι

236 1872 513 1923 solenniter
545 1890 640 1941 pro
674 1872 990 1938 αὐτόνομοι.
1056 1874 1160 1924 Pro
1194 1873 1289 1922 ἐὰν
1323 1872 1547 1938 praefert
1595 1873 1680 1922 ἂν.
1747 1873 1962 1940 Legitur
2010 1872 2139 1934 γίνε-

235 1962 367 2010 σθαι
401 1967 454 2011 et
486 1961 731 2024 γινώσκω.
799 1961 1077 2027 Exemplar
1113 1967 1281 2014 autem
1314 1959 1446 2011 illud
1492 1947 1796 2029 saepissime*
1820 1962 1984 2014 solum
2020 1977 2139 2011 con-

234 2048 402 2098 firmat
433 2048 700 2099 lectionem
734 2048 922 2100 codicis
955 2051 1016 2098 Σ.
1723 2037 1730 2040 μ

362 2135 598 2185 Secunda
638 2152 779 2202 pars,
828 2135 972 2201 nobis
1015 2138 1152 2184 Vind.
1185 2135 1242 2196 2,
1284 2151 1436 2184 manu
1494 2135 1820 2187 occidentalis
1870 2142 1921 2182 et
1971 2135 2141 2200 penna

233 2222 423 2288 scripta
467 2221 558 2272 fol.
603 2223 671 2274 50
693 2234 716 2258 ³
748 2222 1068 2288 praecedenti
1117 2222 1403 2272 annectitur
1451 2221 1703 2287 incipiens
1749 2222 1994 2285 ἐπιχαρῆ,
2043 2224 2139 2269 καὶ

237 2308 351 2360 οὐκ·
370 2307 470 2372 ἐγὼ
505 2325 572 2360 ex
606 2299 831 2359 oratione
874 2325 969 2375 pro
1015 2308 1180 2359 Rhod.
1226 2309 1444 2368 Libert.‚
1497 2324 1628 2374 quae
1670 2308 1857 2359 desinit
1902 2308 1990 2360 fol.
2025 2308 2086 2357 51
2115 2308 2138 2342 b

234 2396 416 2447 medio.
483 2395 597 2446 Fol.
630 2396 696 2444 52
720 2407 743 2431 ⁸
775 2402 853 2447 est
886 2412 1120 2446 vacuum.
1178 2397 1293 2448 Fol.
1326 2395 1394 2447 52
1415 2395 1441 2430 ὓ
1474 2394 1700 2445 continet
1734 2394 1935 2445 Libanii
1968 2395 2137 2459 Argu-

232 2489 458 2534 mentum
492 2481 546 2533 in
580 2481 733 2544 Mid.,
776 2488 828 2532 et
861 2482 1101 2532 orationis
1133 2483 1391 2535 Midianae
1423 2482 1629 2533 initium
1647 2520 1660 2543 ,
1702 2483 1933 2532 desinens
1969 2480 2138 2531 verbis

232 2570 493 2631 ἀσέβειαν,
527 2568 715 2631 ἐπειδὴ.
781 2569 968 2619 Charta
1014 2567 1168 2636 hujus
1213 2570 1424 2621 secundi
1468 2569 1656 2623 codicis
1690 2577 1767 2618 est
1799 2569 1932 2628 alba,
1975 2567 2137 2627 firma,

233 2675 426 2725 aspera.
493 2658 671 2725 Margo
716 2656 1119 2723 angustissimus.
1187 2658 1475 2711 Literarum
1511 2657 1649 2707 color
1693 2662 1769 2704 est
1813 2655 2138 2707 vehementer

232 2751 371 2807 ater3
405 2744 568 2795 forma
601 2749 812 2811 apparet
844 2742 898 2793 in
932 2743 1057 2797 Tab.
1091 2745 1120 2796 Ι
1153 2745 1202 2796 Ν
1205 2762 1275 2796 ro.
1308 2744 1358 2794 2.
1424 2744 1545 2794 Jota
1576 2743 1674 2792 rite
1706 2742 2057 2816 subscribitur.

360 2831 536 2885 Tertia
568 2849 701 2900 pars,
736 2832 878 2886 uobis
913 2834 1053 2884 Vina.
1085 2832 1134 2894 6,
1167 2833 1357 2885 calamo
1375 2828 1442 2882 set
1475 2829 1740 2884 audaciore
1763 2828 1951 2882 Graeci
1985 2848 2134 2883 manu

1810 2917 1844 2970 2
