2655 3265
1262 310 1560 359 -3-

450 440 643 491 ctorius
673 440 932 492 conflavit.
968 440 1240 505 specimen
1274 457 1449 490 earum
1470 442 1658 502 'Primo
1691 441 1948 491 Editionis
1983 441 2246 490 Volumini
2280 430 2366 489 ad-

442 525 678 594 jecimus.
748 524 908 592 Cujus
952 526 1242 576 voluminis
1287 527 1393 577 vid.
1429 528 1600 579 Praef.
1635 545 1687 595 p.
1722 528 1850 578 XVI
1884 545 1993 594 sqq.
2061 527 2124 576 In
2169 535 2368 576 nostros

452 632 577 666 usus
609 614 770 665 codex
803 612 1074 664 Monachio
1098 619 1482 681 *transportatus
1517 624 1625 668 erat
1650 613 1864 683 jubente
1903 613 2257 666 maximiliano
2305 613 2368 664 de

450 700 999 753 Lerchenfeld-Aham
1032 700 1236 750 Barone
1268 701 1629 754 illustrissimo.

584 788 673 840 De
716 786 1337 841 vindobonensibus.
1405 790 1721 842 Abrahamus
1756 789 2042 850 eamond03
2092 806 2242 856 quem
2280 787 2367 855 ju·

451 892 632 927 venem
667 876 959 935 honestum,
1001 875 1286 938 assiduum,
1331 876 1536 943 doctum
1572 877 1788 927 cholera
1824 877 2034 927 Morbus
2073 894 2203 928 anno
2241 877 2369 926 1832

448 964 613 1013 literis
648 970 700 1012 et
732 962 908 1012 amicis
942 962 1202 1024 evocavit,
1252 963 1307 1014 in
1343 980 1511 1014 meum
1546 964 1863 1015 commodum
1897 962 2146 1028 singulari
2190 963 2367 1013 dexte-

449 1049 601 1101 ritate
626 1047 1040 1100 Vindobonenses
1064 1049 1263 1103 codices
1282 1050 1698 1103 Demosthenicos
1723 1048 1949 1100 excussit
1986 1056 2038 1099 et
2070 1049 2368 1099 varietatem

448 1135 683 1188 lectionis
716 1134 781 1186 ad
817 1134 1182 1190 Dindorfianae
1216 1151 1354 1192 oram
1388 1135 1684 1202 adscripsit,
1728 1135 1966 1203 idemque
2001 1136 2272 1203 imaginem
2305 1125 2369 1185 li'-

449 1232 674 1276 terarum
694 1222 902 1274 illorum
931 1222 1163 1278 codicum
1189 1222 1564 1276 accuratissime
1590 1223 1778 1291 pinxit,
1812 1225 2012 1290 qualem
2046 1221 2207 1290 lapidi
2241 1222 2369 1272 inci-

451 1311 667 1362 dendam
697 1317 749 1362 et
777 1316 978 1360 nostrae
1005 1310 1348 1364 dissertationi
1374 1309 1655 1365 addendam
1678 1310 1987 1364 curavimus.
2056 1311 2223 1377 Quam
2243 1310 2369 1360 ima-

447 1399 618 1464 ginem
668 1398 851 1448 Carolo
903 1398 1185 1448 Benedicto
1235 1397 1401 1453 Hesio
1451 1397 1685 1453 Instituti
1738 1397 1889 1465 Regii
1936 1397 2185 1452 Franciae
2231 1395 2369 1448 socio

448 1485 742 1537 doctissimo
759 1522 773 1546 ,
817 1484 1063 1535 Codicum
1097 1484 1448 1535 Parisinorum
1491 1484 1850 1541 Conservatori
1899 1484 2248 1544 celeberrimo,
2293 1491 2369 1533 at-

449 1587 550 1638 que
583 1571 1014 1638 Palaeographiae
1048 1570 1273 1622 omnium
1307 1570 1398 1638 qui
1432 1587 1569 1629 nunc
1610 1570 1798 1623 vivunt
1838 1571 2164 1638 peritissimo,
2204 1576 2368 1622 trans·
2409 1597 2411 1600 ·

448 1659 566 1714 misi
598 1674 807 1725 rogans,
842 1666 902 1714 ut
917 1666 1148 1714 ⁴aetatem
1184 1665 1472 1711 nostrorum
1506 1657 1739 1714 codicum
1774 1657 2242 1712 vindobonensium
2277 1675 2368 1708 nos

448 1746 669 1802 doceret.
736 1745 815 1796 Ea
847 1762 950 1812 qua
981 1752 1060 1800 est
1092 1745 1405 1801 humanitate
1435 1752 1487 1796 et
1519 1744 1769 1812 elegantia
1799 1762 1900 1800 non
1929 1745 2120 1801 frustra
2150 1752 2392 1812 rogatus‚'

449 1849 647 1889 summo
681 1833 853 1889 studio
885 1849 992 1884 rem
1026 1833 1339 1902 explanavit.

585 1923 726 1972 Vind.
762 1924 810 1975 1.
860 1924 999 1974 Vina.
1033 1923 1082 1972 2.
1133 1923 1272 1975 Vina.
1306 1923 1357 1972 6.
1438 1921 1502 1979 In
1547 1921 1794 1977 Caesarea
1834 1921 2156 1974 Bibliotheca
2193 1921 2369 1974 Codex

450 2009 684 2065 Graecus
712 2009 862 2065 Lxx
893 2009 1205 2066 chartaceus.
1260 2002 1379 2065 Vid.
1404 2010 1454 2061 N
1455 2010 1600 2060 essel.
1626 2009 1787 2064 cml.
1822 2011 1883 2061 P.
1916 2010 1994 2061 IV
2028 2012 2094 2077 Ρ(
2112 2010 2196 2063 41.
2247 2009 2370 2060 Rei-

449 2114 619 2153 mann.
650 2097 788 2152 Bibl.
822 2097 1109 2150 Acroamat,
1146 2095 1273 2151 cod.
1293 2096 1507 2148 XXXII
1530 2113 1583 2162 p.
1609 2096 1729 2150 710.
1763 2097 1953 2148 Tribus
1986 2094 2213 2163 ejusdem
2247 2097 2371 2146 Sae-

449 2183 555 2239 culi
589 2184 689 2235 XV
723 2182 952 2252 partibus
987 2188 1198 2244 constat,
1235 2200 1361 2249 quas
1395 2182 1511 2249 quis
1539 2183 1884 2249 supplementi
1917 2200 2069 2235 causa
2096 2200 2125 2233 e
2151 2182 2370 2237 diversis

448 2270 711 2321 codicibus
743 2269 1011 2336 compegit.
1058 2271 1248 2321 Totum
1283 2270 1538 2325 Volumen
1571 2276 1767 2326 constat
1801 2269 1939 2321 foliis
1965 2269 2060 2324 241
2094 2272 2222 2333 (non
2242 2270 2369 2333 239)

447 2357 503 2413 in
536 2357 704 2414 Folio.
725 2357 941 2408 *Prima
974 2374 1107 2424 pars,
1140 2357 1286 2412 nobis

583 2447 725 2495 Vind.
762 2447 808 2505 1,
842 2443 1031 2495 Graeci
1064 2461 1218 2499 manu
1249 2444 1456 2512 scripta,
1490 2450 1725 2499 constan·
1761 2443 1899 2494 foliis
1927 2442 2011 2504 49,
2044 2443 2370 2495 continentur

448 2532 539 2583 fol.
585 2532 609 2588 1
639 2542 662 2573 ⁸
697 2530 1033 2589 ὀλυνθιακος
1076 2530 1713 2594 ἆ.1ἳ”01.3“ὀλυνθ”.γ
1767 2531 1814 2582 F
1815 2531 1882 2584 ol
1917 2530 1998 2583 ⁶⁸
2034 2530 2281 2582 ὀλυνθια.
2315 2535 2369 2590 β.

449 2618 532 2669 Cf.
574 2617 972 2670 Zimmermanni
1017 2618 1161 2671 Diar.
1206 2618 1456 2672 Scholast.
1501 2619 1631 2674 1832
1677 2620 1733 2671 11
1778 2619 1902 2671 Nro.
1946 2617 2014 2688 94
2048 2635 2099 2685 p.
2132 2618 2250 2670 7⁵3.
2294 2635 2369 2685 sq.

448 2705 562 2757 Fol.
596 2706 661 2758 lo
684 2707 709 2744 b
743 2706 881 2757 Phil.
916 2706 960 2756 1.
1022 2706 1136 2757 Fol.
1175 2706 1238 2759 14
1262 2706 1285 2745 b
1320 2706 1442 2758 Phil
1476 2706 1547 2757 ΙΙ.
1616 2707 1732 2760 Pol.
1770 2706 1835 2761 17
1859 2705 1883 2742 δ
1916 2705 2052 2758 Phil.
2087 2706 2188 2759 111.
2255 2706 2369 2757 Fol.

445 2793 513 2847 2²
536 2793 561 2829 ¹²
594 2794 730 2849 Phil.
766 2793 860 2850 lv.
895 2794 1010 2846 Fol.
1044 2794 1113 2844 28
1136 2794 1159 2829 b
1191 2793 1313 2848 Pac.
1346 2794 1462 2847 Fol.
1496 2793 1564 2847 30
1587 2804 1610 2834 ⁸
1643 2794 1819 2850 Chers.
1856 2795 1969 2849 Fol.
2003 2793 2070 2846 36
2092 2805 2115 2832 ⁸
2140 2793 2368 2848 Halonn.
